@article{Sloane2008,
    title = {{(POP-003) [S56] AGSOA-Agile Governance for Service Oriented Architecture (SOA) Systems: A Methodology to Deliver 21st Century Military Net-Centric Systems of Systems}},
    year = {2008},
    journal = {2008 2nd Annual IEEE Systems Conference},
    author = {Sloane, Elliot and Beck, Robert and Metzger, Sue},
    pages = {1–4},
    url = {http://ieeexplore.ieee.org/xpls/abs_all.jsp?arnumber=4518995},
    isbn = {9781424421503},
    keywords = {agile, governance, methods, net-centric warfare, service oriented architecture, system ofsystems engineering}
}

@article{Dmitriev2017,
    title = {{A / B Testing at Scale : Accelerating Software Innovation}},
    year = {2017},
    journal = {Sigir},
    author = {Dmitriev, Pavel and Deng, Alex and Kohavi, Ron and Raff, Paul},
    pages = {1395--1397}
}

@article{Rodriguez2018,
    title = {{A Case-based Reasoning Approach to Reuse Quality-driven Designs in Service-Oriented Architectures }},
    year = {2018},
    journal = {Information Systems },
    author = {Rodr{\'{i}}guez, Guillermo and D{\'{i}}az-Pace, J Andrés and Soria, Álvaro},
    pages = { - },
    volume = {77},
    url = {https://www.sciencedirect.com/science/article/pii/S0306437915300181},
    doi = {https://doi.org/10.1016/j.is.2018.06.003},
    issn = {0306-4379},
    keywords = {Web Services}
}

@article{Meijer2011,
    title = {{A co-relational model of data for large shared data banks}},
    year = {2011},
    journal = {Communications of the ACM},
    author = {Meijer, Erik and Bierman, Gavin},
    number = {4},
    pages = {49},
    volume = {54},
    url = {http://portal.acm.org/citation.cfm?doid=1924421.1924436},
    isbn = {1579124585},
    doi = {10.1145/1924421.1924436},
    issn = {00010782},
    pmid = {59582579}
}

@inproceedings{Tako201076,
    title = {{A conceptual modelling framework for stakeholder participation in simulation studies}},
    year = {2010},
    booktitle = {Proceedings of the 2010 Operational Research Society Simulation Workshop, SW 2010},
    author = {Tako, A A and Kotiadis, K and Vasilakis, C},
    pages = {76--85},
    url = {https://www.scopus.com/inward/record.uri?eid=2-s2.0-84874718350&partnerID=40&md5=c087a94cef7eed3e948efaa8c4c916b2},
    keywords = {Circuit simulation; Software engineering, Conceptual modelling; Framework; Group model buil, Health care}
}

@article{Hongying2011,
    title = {{A Customizable Agile Software Quality Assurance model}},
    year = {2011},
    journal = {The 5th International Conference on New Trends in Information Science and Service Science},
    author = {Hongying, Gu and Cheng, Yang},
    number = {60803110},
    pages = {382--387},
    volume = {2},
    isbn = {978-1-4577-0665-3},
    keywords = {Key Process Area, Process Model, Quality Assurance}
}

@inproceedings{Shreenath2015,
    title = {{A Feasibility Study for Gamification in Transport Maintenance: Requirements to Implement Gamification in Heterogeneous Organizations}},
    year = {2015},
    booktitle = {VS-Games 2015 - 7th International Conference on Games and Virtual Worlds for Serious Applications},
    author = {Shreenath, Vinutha Magal and Kornevs, Maksims and Raghothama, Jayanth and Meijer, Sebastiaan},
    isbn = {9781479981021},
    doi = {10.1109/VS-GAMES.2015.7295758},
    issn = {9781479981021},
    keywords = {data mining, feasibility, gamification, procurement, requirements}
}

@article{Sagheer2015,
    title = {{A Framework For Software Quality Assurance Using Agile Methodology}},
    year = {2015},
    journal = {International Journal of Scientific {\&} Technology Research},
    author = {Sagheer, Maria and Zafar, Tehreem and Sirshar, Mehreen},
    number = {02},
    volume = {4},
    url = {www.ijstr.org},
    issn = {2277-8616}
}

@article{Tang2008,
    title = {{A Generic Model of Enterprise Service-Oriented Architecture}},
    year = {2008},
    journal = {Service-Oriented System Engineering, 2008. SOSE '08. IEEE International Symposium on},
    author = {Tang, Longji and Dong, Jing and Peng, Tu},
    pages = {1--7},
    isbn = {9780769534992},
    doi = {10.1109/SOSE.2008.37},
    keywords = {Buildings, Computer architecture, Computer science, Connectors, ESOA, Modeling, Quality management, SOA, Systems engineering and theory, USA Councils, Unified modeling language, abstract model, business data processing, enterprise business systems, enterprise service-oriented architecture, formal methods, generic model, service consumers, service data, service infrastructure, service management, service oriented architecture, service processes, service quality attributes, software architecture}
}

@article{Casey2011,
    title = {{A messaging infrastructure for WLCG}},
    year = {2011},
    journal = {Journal of Physics: Conference Series},
    author = {Casey, James and Cons, Lionel and Lapka, Wojciech and Paladin, Massimo and Skaburskas, Konstantin},
    number = {PART 6},
    volume = {331},
    doi = {10.1088/1742-6596/331/6/062015},
    issn = {17426588}
}

@article{munshi2014method,
    title = {{A method for constructing Likert scales}},
    year = {2014},
    author = {Munshi, Jamal}
}

@article{Perez2011,
    title = {{A model driven approach to the analysis of quality scenarios within self-adaptable SOA systems}},
    year = {2011},
    journal = {Electronic Notes in Theoretical Computer Science},
    author = {Perez, Boris and Correal, Dario},
    pages = {113--126},
    volume = {281},
    publisher = {Elsevier B.V.},
    url = {http://dx.doi.org/10.1016/j.entcs.2011.11.029},
    doi = {10.1016/j.entcs.2011.11.029},
    issn = {15710661},
    keywords = {MDA, Self-Adaptation, Service Selection, Software Quality}
}

@inproceedings{el2009model,
    title = {{A model driven framework for multiview service oriented system development}},
    year = {2009},
    booktitle = {2009 IEEE/ACS International Conference on Computer Systems and Applications},
    author = {kenzi, A and Asri, B El and Nassar, M and Kriouile, A},
    pages = {404--411},
    doi = {10.1109/AICCSA.2009.5069357},
    issn = {2161-5322},
    keywords = {Computer aided instruction, Context-aware services, Documentation, Information systems, Internet, Management training, Multidimensional systems, Proposals, Resource management, Web and internet services, Web pages, complex systems development, model driven framework, multiview service oriented system development, open systems, service oriented analysis and design, service oriented computing, software architecture, user-aware variability},
    language = {english}
}

@inproceedings{1611736,
    title = {{A multi-agent based framework for collaborative testing on Web services}},
    year = {2006},
    booktitle = {The Fourth IEEE Workshop on Software Technologies for Future Embedded and Ubiquitous Systems, and the Second International Workshop on Collaborative Computing, Integration, and Assurance (SEUS-WCCIA'06)},
    author = {Bai, Xiaoying and Dai, Guilan and Xu, Dezheng and Tsai, Wei-Tek},
    pages = {6 pp.-},
    doi = {10.1109/SEUS-WCCIA.2006.7},
    keywords = {Internet;XML;multi-agent systems;program testing;I}
}

@article{Golshan2009,
    title = {{A new approach for tracing quality attributes in service oriented architecture using graph transformation systems}},
    year = {2009},
    journal = {2009 14th International CSI Computer Conference},
    author = {Golshan, Farnoush and Barforoush, Ahmad Abdollahzade},
    pages = {10--16},
    url = {http://ieeexplore.ieee.org/lpdocs/epic03/wrapper.htm?arnumber=5349605},
    isbn = {978-1-4244-4261-4},
    doi = {10.1109/CSICC.2009.5349605}
}

@inproceedings{lago2011pragmatic,
    title = {{A pragmatic approach for analysis and design of service inventories}},
    year = {2011},
    booktitle = {International Conference on Service-Oriented Computing},
    author = {Lago, Patricia and Razavian, Maryam},
    pages = {44--53},
    url = {http://dare.ubvu.vu.nl/bitstream/handle/1871/33178/A?sequence=2},
    organization = {Springer}
}

@article{Karam2008,
    title = {{A product-line architecture for web service-based visual composition of web applications}},
    year = {2008},
    journal = {Journal of Systems and Software},
    author = {Karam, Marcel and Dascalu, Sergiu and Safa, Haidar and Santina, Rami and Koteich, Zeina},
    number = {6},
    pages = {855--867},
    volume = {81},
    isbn = {0164-1212},
    doi = {10.1016/j.jss.2007.10.031},
    issn = {01641212},
    keywords = {Agile methods, Product line architecture, Product line engineering, Visual languages, Web services}
}

@article{Teixeira2015,
    title = {{A quality-driven approach for resources planning in Service-Oriented Architectures}},
    year = {2015},
    journal = {Expert Systems with Applications},
    author = {Teixeira, Marcelo and Ribeiro, Richardson and Oliveira, Cesar and Massa, Ricardo},
    number = {12},
    pages = {5366--5379},
    volume = {42},
    publisher = {Elsevier Ltd},
    url = {http://dx.doi.org/10.1016/j.eswa.2015.02.004},
    doi = {10.1016/j.eswa.2015.02.004},
    issn = {09574174},
    keywords = {Modeling, Petri Nets, Service orchestration, Service-Oriented Architectures, Simulation}
}

@article{Karthikeyan2012,
    title = {{A Quantitative Measurement and Validation of Granularity in Service Oriented Architecture}},
    year = {2012},
    journal = {International Journal of Computer Science Issues},
    author = {Karthikeyan, T. and Geetha, J.},
    number = {2},
    pages = {377--382},
    volume = {9},
    keywords = {granularity, granularity metrics, service oriented architecture, validation of granularity metrics}
}

@article{Monarchi1992,
    title = {{A Research Typology for Object-Oreinted Analysis and Design}},
    year = {1992},
    journal = {Communications of the ACM},
    author = {Monarchi, David E. and Puhr, Gretchen I.},
    number = {9},
    pages = {35--47},
    volume = {35},
    doi = {10.1145/130994.130995},
    issn = {00010782}
}

@article{monarchi1992research,
    title = {{A research typology for object-oriented analysis and design}},
    year = {1992},
    journal = {Communications of the ACM},
    author = {Monarchi, David E and Puhr, Gretchen I},
    number = {9},
    pages = {35--47},
    volume = {35},
    publisher = {ACM}
}

@incollection{Jamek2015,
    title = {{A Rich Services Approach to CoCoME}},
    year = {2015},
    booktitle = {The Common Component Modeling Example},
    author = {Demchak, Barry and Ermagan, Vina and Farcas, Emilia and Huang, To-ju and Kr{\"{u}}ger, Ingolf H and Menarini, Massimiliano},
    number = {January},
    pages = {85--115},
    url = {http://link.springer.com/chapter/10.1007/978-3-540-85289-6_5},
    isbn = {7612228890},
    doi = {10.1055/b-0035-108273},
    issn = {1532-8643},
    pmid = {22386287}
}

@article{Rezaei2014,
    title = {{A semantic interoperability framework for software as a service systems in cloud computing environments}},
    year = {2014},
    journal = {Expert Systems with Applications},
    author = {Rezaei, Reza and Chiew, Thiam Kian and Lee, Sai Peck and Shams Aliee, Zeinab},
    number = {13},
    month = {10},
    pages = {5751--5770},
    volume = {41},
    publisher = {Pergamon},
    url = {http://www.sciencedirect.com.ez54.periodicos.capes.gov.br/science/article/pii/S0957417414001493?via%3Dihub},
    isbn = {0957-4174},
    doi = {10.1016/j.eswa.2014.03.020},
    issn = {09574174},
    pmid = {22988693},
    arxivId = {1003.4074},
    keywords = {Cloud computing, Interoperability, Software as a service}
}

@article{Jiang2017,
    title = {{A service-oriented architecture for coupling web service models using the Basic Model Interface (BMI)}},
    year = {2017},
    journal = {Environmental Modelling {\&} Software},
    author = {Jiang, Peishi and Elag, Mostafa and Kumar, Praveen and Peckham, Scott Dale and Marini, Luigi and Rui, Liu},
    pages = {107--118},
    volume = {92},
    publisher = {Elsevier Ltd},
    url = {http://linkinghub.elsevier.com/retrieve/pii/S1364815216311525},
    doi = {10.1016/j.envsoft.2017.01.021},
    issn = {13648152}
}

@inproceedings{sarjoughian2008simulation,
    title = {{A simulation framework for service-oriented computing systems}},
    year = {2008},
    booktitle = {2008 Winter Simulation Conference},
    author = {Sarjoughian, H and Kim, S and Ramaswamy, M and Yau, S},
    pages = {845--853},
    doi = {10.1109/WSC.2008.4736148},
    issn = {0891-7736},
    keywords = {Analytical models, Computational modeling, Feedback, Hardware, Informatics, Monitoring, Quality of service, Runtime, SOA-compliant DEVS simulation framework, Service oriented architecture, Software systems, Web services, abstract component model, community-based development, component-based modeling concept, digital simulation, object-oriented programming, quality of service, service oriented architecture, service-oriented computing system modeling, software architecture, timeliness QoS attribute},
    language = {english}
}

@article{Wang2010,
    title = {{A SOA based Model driven Rapid Development Architecture - SMRDA}},
    year = {2010},
    journal = {ICETC 2010 - 2010 2nd International Conference on Education Technology and Computer},
    author = {Wang, Bin and Wen, Chunyan and Sheng, Jinfang},
    pages = {421--425},
    volume = {1},
    isbn = {9781424463688},
    doi = {10.1109/ICETC.2010.5529218},
    issn = {2155-1812},
    keywords = {Iterative development, MDA, Modeling of services, SOA}
}

@article{Gomathy2014,
    title = {{A Software Quality Metric Performance of Professional Management in Service Oriented}},
    year = {2014},
    author = {Gomathy, C K},
    keywords = {quality of service, service-oriented design}
}

@article{Goeb2011,
    title = {{A software quality model for SOA}},
    year = {2011},
    journal = {Proceedings of the 8th international workshop on Software quality - WoSQ '11},
    author = {Goeb, Andreas and Lochmann, Klaus},
    pages = {18},
    url = {http://dl.acm.org/citation.cfm?doid=2024587.2024593},
    isbn = {9781450308519},
    doi = {10.1145/2024587.2024593},
    keywords = {quality model, sba, soa, software quality}
}

@inproceedings{gu2007stakeholder,
    title = {{A stakeholder-driven service life cycle model for SOA}},
    year = {2007},
    booktitle = {2nd international workshop on Service oriented software engineering: in conjunction with the 6th ESEC/FSE joint meeting},
    author = {Gu, Qing and Lago, Patricia},
    pages = {1--7},
    organization = {ACM},
    language = {english}
}

@article{Buckley1979,
    title = {{A Standard for Software Quality Assurance Plans}},
    year = {1979},
    journal = {Computer},
    author = {Buckley, F},
    number = {8},
    pages = {43--50},
    volume = {12},
    url = {10.1109/MC.1979.1658855},
    isbn = {0018-9162}
}

@inproceedings{ramollari2007survey,
    title = {{A survey of service oriented development methodologies}},
    year = {2007},
    booktitle = {The 2nd European Young Researchers Workshop on Service Oriented Computing},
    author = {Ramollari, Ervin and Dranidis, Dimitris and Simons, Anthony J H},
    volume = {75}
}

@article{Corp1984,
    title = {{a Survey of Software Quality Assurance}},
    year = {1984},
    author = {Corp, Intercon Systems and Mcvey, Thomas and Arsenal, Redstone and Day, Raymond}
}

@inproceedings{6274156,
    title = {{A Survey on Automated Service Composition Methods and Related Techniques}},
    year = {2012},
    booktitle = {2012 IEEE Ninth International Conference on Services Computing},
    author = {Syu, Y and Ma, S P and Kuo, J Y and FanJiang, Y Y},
    pages = {290--297},
    doi = {10.1109/SCC.2012.91},
    keywords = {service-oriented architecture;software prototyping}
}

@article{chow2008survey,
    title = {{A survey study of critical success factors in agile software projects}},
    year = {2008},
    journal = {Journal of systems and software},
    author = {Chow, Tsun and Cao, Dac-Buu},
    number = {6},
    pages = {961--971},
    volume = {81},
    publisher = {Elsevier}
}

@article{INAYAT2015915,
    title = {{A systematic literature review on agile requirements engineering practices and challenges}},
    year = {2015},
    journal = {Computers in Human Behavior},
    author = {Inayat, Irum and Salim, Siti Salwah and Marczak, Sabrina and Daneva, Maya and Shamshirband, Shahaboddin},
    pages = {915--929},
    volume = {51},
    url = {http://www.sciencedirect.com/science/article/pii/S074756321400569X},
    doi = {https://doi.org/10.1016/j.chb.2014.10.046},
    issn = {0747-5632},
    keywords = {Agile requirements engineering, Agile software development methods, Collaboration, Systematic review, Traditional requirements engineering}
}

@article{Montagud2012,
    title = {{A systematic review of quality attributes and measures for software product lines}},
    year = {2012},
    journal = {Software Quality Journal},
    author = {Montagud, Sonia and Abrah{\~{a}}o, Silvia and Insfran, Emilio},
    number = {3-4},
    pages = {425--486},
    volume = {20},
    isbn = {0963-9314{\textbackslash}n1573-1367},
    doi = {10.1007/s11219-011-9146-7},
    issn = {15731367},
    keywords = {Measures, Quality, Quality attributes, Software product lines, Systematic literature review}
}

@article{Netto2013,
    title = {{A vigil{\^{a}}ncia em Sa{\'{u}}de Ambiental}},
    year = {2013},
    journal = {Departamento de Vigil{\^{a}}ncia em Saude Ambiental e Sa{\'{u}}de do Trabalhador},
    author = {Netto, Guilherme},
    pages = {1--56},
    volume = {10}
}

@inproceedings{Piras2016a,
    title = {{Acceptance Requirements and Their Gamification Solutions}},
    year = {2016},
    booktitle = {Proceedings - 2016 IEEE 24th International Requirements Engineering Conference, RE 2016},
    author = {Piras, Luca and Giorgini, Paolo and Mylopoulos, John},
    isbn = {9781509041213},
    doi = {10.1109/RE.2016.43},
    issn = {2332-6441},
    keywords = {Acceptance requirements, context models, gamification, goal models, requirements engineering}
}

@book{chou2015actionable,
    title = {{Actionable gamification: Beyond points, badges, and leaderboards}},
    year = {2015},
    author = {Chou, Yu-kai},
    publisher = {Octalysis Group}
}

@article{Zimmermann2014,
    title = {{Adaptable enterprise architectures for software evolution of smartlife ecosystems}},
    year = {2014},
    journal = {Proceedings - IEEE International Enterprise Distributed Object Computing Workshop, EDOCW},
    author = {Zimmermann, Alfred and Gonen, Bilal and Schmidt, Rainer and El-Sheikh, Eman and Bagui, Sikha and Wilde, Norman},
    pages = {316--323},
    isbn = {9781479954704},
    doi = {10.1109/EDOCW.2014.52},
    issn = {15417719},
    keywords = {Adaptive Enterprise Reference Architecture, Architecture Integration Method, Digital Ecosystems, Ontology, Semantic Search, Service-oriented Architecture, Software Evolution}
}

@article{Ardagna2007,
    title = {{Adaptive service composition in flexible processes}},
    year = {2007},
    journal = {IEEE Transactions on Software Engineering},
    author = {Ardagna, Danilo and Pernici, Barbara},
    number = {6},
    pages = {369--384},
    volume = {33},
    isbn = {0098-5589},
    doi = {10.1109/TSE.2007.1011},
    issn = {00985589},
    keywords = {Integer programming, Quality of service, Service composition, Web services}
}

@inproceedings{Abdelouhab2014,
    title = {{Agile {\&} user centric SOA based service design framework applied in disaster management}},
    year = {2014},
    booktitle = {2014 1st International Conference on Information and Communication Technologies for Disaster Management (ICT-DM)},
    author = {Abdelouhab, K A and Idoughi, D and Kolski, C},
    pages = {1--8},
    doi = {10.1109/ICT-DM.2014.6917792},
    keywords = {emergency management, interactive systems, service-o},
    language = {english}
}

@book{goldman1995agile,
    title = {{Agile competitors and virtual organizations: strategies for enriching the customer}},
    year = {1995},
    author = {Goldman, Steven L and Nagel, Roger N and Preiss, Kenneth},
    volume = {8},
    publisher = {Van Nostrand Reinhold New York}
}

@article{Deaubl2007,
    title = {{Agile Development Processes : Delivering a Successful Data Management Platform Now and in the Future}},
    year = {2007},
    author = {Deaubl, Evan and Lowry, Sonya},
    pages = {531--534},
    volume = {376}
}

@article{Gill2015,
    title = {{Agile enterprise architecture modelling: Evaluating the applicability and integration of six modelling standards}},
    year = {2015},
    journal = {Information and Software Technology},
    author = {Gill, Asif Qumer},
    pages = {196--206},
    volume = {67},
    publisher = {Elsevier B.V.},
    url = {http://dx.doi.org/10.1016/j.infsof.2015.07.002},
    isbn = {0950-5849},
    doi = {10.1016/j.infsof.2015.07.002},
    issn = {09505849},
    pmid = {213803534},
    arxivId = {arXiv:1011.1669v3},
    keywords = {Agile modelling, ArchiMate, Enterprise architecture, Enterprise modelling, Modelling standards}
}

@article{alliance2001agile,
    title = {{Agile manifesto}},
    year = {2001},
    journal = {Online at http://www. agilemanifesto. org},
    author = {Alliance, Agile},
    number = {1},
    volume = {6}
}

@article{Fortunato2017,
    title = {{Agile Methods}},
    year = {2017},
    author = {Fortunato, Carlos Alberto and Furtado, Felipe and Selleri, Fernando},
    pages = {142--148},
    volume = {680},
    url = {http://link.springer.com/10.1007/978-3-319-55907-0},
    isbn = {978-3-319-55906-3},
    doi = {10.1007/978-3-319-55907-0},
    keywords = {agile practices, agile software development, {\'{a}} quality assurance {\'{a}}}
}

@article{diaz2011agile,
    title = {{Agile product line engineering-a systematic literature review}},
    journal = {Software: Practice and Experience},
    author = {D{\'{i}}az, Jessica and P{\'{e}}rez, Jennifer and Alarc{\'{o}}n, Pedro P and Garbajosa, Juan},
    number = {8},
    pages = {921--941},
    volume = {41},
    url = {https://onlinelibrary.wiley.com/doi/abs/10.1002/spe.1087},
    doi = {10.1002/spe.1087},
    keywords = {agile product line engineering (APLE), agile software development, software product line engineering, systematic literature review}
}

@article{diaz2011agileb,
    title = {{Agile product line engineering-a systematic literature review}},
    year = {2011},
    journal = {Software: Practice and experience},
    author = {D{\textbackslash}'{\textbackslash}iaz, Jessica and P{\'{e}}rez, Jennifer and Alarc{\'{o}}n, Pedro P and Garbajosa, Juan},
    number = {8},
    pages = {921--941},
    volume = {41},
    publisher = {Wiley Online Library},
    keywords = {agile product line engineering (APLE), agile software development, software product line engineering, systematic literature review}
}

@article{Brataas2017,
    title = {{Agile Scalability Requirements}},
    year = {2017},
    journal = {Proceedings of the 8th ACM/SPEC on International Conference on Performance Engineering  - ICPE '17},
    author = {Brataas, Gunnar and F{\ae}gri, Tor Erlend},
    pages = {413--416},
    url = {http://dl.acm.org/citation.cfm?doid=3030207.3030240},
    isbn = {9781450344043},
    doi = {10.1145/3030207.3030240},
    keywords = {agile development, metrics, requirements engineering}
}

@article{Abbas2007,
    title = {{Agile software assurance: An empirical study}},
    year = {2007},
    journal = {Proceedings - 1st International Symposium on Empirical Software Engineering and Measurement, ESEM 2007},
    author = {Abbas, Noura},
    pages = {499},
    isbn = {0769528864},
    doi = {10.1109/ESEM.2007.14},
    issn = {1938-6451}
}

@article{Jenila2010,
    title = {{Agile Software Development Methodologies and Practices}},
    year = {2010},
    journal = {International Journal of Innovative Science},
    author = {Jenila, A.},
    number = {3},
    pages = {2010--2011},
    volume = {80},
    keywords = {agile software, agile testing, assurance}
}

@article{abrahamsson2017agile,
    title = {{Agile software development methods: Review and analysis}},
    year = {2017},
    journal = {arXiv preprint arXiv:1709.08439},
    author = {Abrahamsson, Pekka and Salo, Outi and Ronkainen, Jussi and Warsta, Juhani}
}

@article{Ahmed2010,
    title = {{Agile software development: Impact on productivity and quality}},
    year = {2010},
    journal = {2010 IEEE International Conference on Management of Innovation {\&} Technology},
    author = {Ahmed, A. and Ahmad, S. and Ehsan, N. and Mirza, E. and Sarwar, S. Z.},
    pages = {287--291},
    url = {http://ieeexplore.ieee.org/document/5492703/},
    isbn = {978-1-4244-6565-1},
    doi = {10.1109/ICMIT.2010.5492703},
    keywords = {- agile, productivity, quality}
}

@article{Highsmith2001Agile,
    title = {{Agile software development: the business of innovation}},
    year = {2001},
    journal = {Computer},
    author = {Highsmith, J and Cockburn, A},
    number = {9},
    pages = {120--127},
    volume = {34},
    doi = {10.1109/2.947100},
    issn = {0018-9162},
    keywords = {Adaptive systems, Collaborative software, Collaborative work, Contracts, Crystal methods, Documentation, Humans, Internet economy, Programming, Scrum, Software development management, Technological innovation, Variable speed drives, adaptive software development, agile software development approaches, business data processing, changing business environment, extreme programming, innovation, lean development, management of change, software engineering, software management, technology environment, workforce culture}
}

@article{Sloane2008a,
    title = {{AGSOA - Agile Governance for Service Oriented Architecture (SOA) systems: A methodology to deliver 21st Century military net-centric systems of systems}},
    year = {2008},
    journal = {2008 IEEE International Systems Conference Proceedings, SysCon 2008},
    author = {Sloane, Elliot and Beck, Robert and Metzger, Sue},
    pages = {106--109},
    isbn = {9781424421503},
    doi = {10.1109/SYSTEMS.2008.4518995},
    keywords = {Agile methods, Governance, Net-centric warfare, Service oriented architecture, System of systems engineering}
}

@article{Yu2013,
    title = {{An Adaptive Genetic Programming Approach to QoS-aware Web Services Composition}},
    year = {2013},
    author = {Yu, Yang and Ma, Hui and Zhang, Mengjie},
    pages = {1740--1747},
    isbn = {9781479904549},
    keywords = {genetic programming, web services composition}
}

@inproceedings{chehili2012agile,
    title = {{An Agile Approach for Service-Oriented Architectures.}},
    year = {2012},
    booktitle = {ICSOFT},
    author = {Chehili, Hamza and Boufa{\textbackslash}"{\textbackslash}ida, Mahmoud and Seinturier, Lionel},
    pages = {468--471}
}

@article{American1986,
    title = {{An American National Standard IEEE Guide for Software Quality Assurance Planning}},
    year = {1986},
    journal = {Quality Assurance},
    author = {American, An and Standard, National}
}

@article{Shahrbanoo2012,
    title = {{An Approach for Agile SOA Development using Agile Principals}},
    year = {2012},
    journal = {International Journal of Computer Science and Information Technology},
    author = {Shahrbanoo, Majlesi},
    number = {1},
    pages = {237--244},
    volume = {4},
    doi = {10.5121/ijcsit.2012.4118},
    issn = {09754660}
}

@article{Hanna2007,
    title = {{An Approach for Specification-based Test Case Generation for Web Services}},
    year = {2007},
    journal = {2007 IEEE/ACS International Conference on Computer Systems and Applications},
    author = {Hanna, Samer and Munro, Malcolm},
    pages = {16--23},
    url = {http://ieeexplore.ieee.org/lpdocs/epic03/wrapper.htm?arnumber=4230934},
    isbn = {1-4244-1030-4},
    doi = {10.1109/AICCSA.2007.370859},
    keywords = {Application software, Automatic testing, Buildings, Computer science, Contracts, Fault detection, Service oriented architecture, Software testing, WSDL, Web Services, Web services, XML, XML Schema, XML schema datatypes, fault detection, fault diagnosis, specification-based test case generation}
}

@inproceedings{5630229,
    title = {{An EA-approach to Develop SOA Viewpoints}},
    year = {2010},
    booktitle = {2010 14th IEEE International Enterprise Distributed Object Computing Conference},
    author = {Postina, M and Trefke, J and Steffens, U},
    pages = {37--46},
    doi = {10.1109/EDOC.2010.25},
    issn = {1541-7719},
    keywords = {business data processing;data visualisation;softwa}
}

@article{Malik2014,
    title = {{An Efficient Objective Quality Model for Agile Application Development}},
    year = {2014},
    journal = {International Journal of Computer Applications},
    author = {Malik, Usman M and Nasir, Haseeb M and Javed, Ali},
    number = {8},
    pages = {975--8887},
    volume = {85},
    doi = {http://dx.doi.org/10.5120/14861-3234},
    issn = {09758887},
    keywords = {Agile Engineering, General Terms Agile Application Development, Quality Attributes, Quality Metrics Keywords Software Engineering, Quality Metrics Model, Quality Models, Scrum, Software Quality Assurance}
}

@article{Shi2000,
    title = {{An enterprise directory solution with DB2}},
    year = {2000},
    journal = {IBM Systems Journal},
    author = {Shi, S. S. B. and Stokes, E. and Byrne, D. and Corn, C. F. and Bachmann, D. and Jones, T.},
    number = {2},
    pages = {360--383},
    volume = {39},
    url = {http://ieeexplore.ieee.org/ielx5/5288519/5386991/05387000.pdf?tp=&arnumber=5387000&isnumber=5386991},
    isbn = {0018-8670},
    doi = {10.1147/sj.392.0360},
    issn = {0018-8670}
}

@article{Fadlalla2005a,
    title = {{An experimental investigation of the impact of aggregation on the performance of data mining with logistic regression}},
    year = {2005},
    journal = {Information {\&} Management},
    author = {Fadlalla, Adam},
    doi = {10.1016/j.im.2004.04.005},
    issn = {03787206}
}

@article{Koziolek,
    title = {{An industrial case study on quality impact prediction for evolving service-oriented software}},
    year = {2011},
    journal = {Proceeding of the 33rd international conference on Software engineering - ICSE '11},
    author = {Koziolek, Heiko and Schlich, Bastian and Bilich, Carlos and Weiss, Roland and Becker, Steffen and Krogmann, Klaus and Trifu, Mircea and Mirandola, Raffaela and Koziolek, Anne},
    pages = {776},
    url = {http://portal.acm.org/citation.cfm?doid=1985793.1985902},
    isbn = {9781450304450},
    doi = {10.1145/1985793.1985902},
    issn = {02705257},
    keywords = {case study, dtmc, industrial software, lqn, palladio, performance prediction, reliability predic-, reverse engineering, service-oriented software, tion, trade-off analysis}
}

@book{Boehm2007777,
    title = {{An initial theory of value-based software engineering}},
    year = {2007},
    booktitle = {Software Engineering: Barry W. Boehm'S Lifetime Contributions to Software Development, Management, and Research},
    author = {Boehm, B W and Jain, A},
    pages = {777--796},
    url = {https://www.scopus.com/inward/record.uri?eid=2-s2.0-85043305662&doi=10.1109%2F9780470187562.ch9&partnerID=40&md5=2c81d1bdbfcec33326abef86436ab160},
    doi = {10.1109/9780470187562.ch9}
}

@inproceedings{napoli2011integrated,
    title = {{An integrated approach for RUP, EA, SOA and BPM implementation}},
    year = {2011},
    booktitle = {Proceedings of the 12th International Conference on Computer Systems and Technologies},
    author = {Napoli, Juan Pablo and Kaloyanova, Kalinka},
    pages = {63--68},
    url = {https://dl-acm-org.ez54.periodicos.capes.gov.br/citation.cfm?doid=2023607.2023620},
    organization = {ACM},
    doi = {10.1145/2023607.2023620},
    language = {english}
}

@article{Timperi2004,
    title = {{An Overview of Quality Assurance Practices in Agile Methodologies}},
    year = {2004},
    journal = {Soberit.Hut.Fi},
    author = {Timperi, O.},
    volume = {650},
    language = {english}
}

@article{Tsai2002a,
    title = {{An XML-based framework for Web services testing}},
    year = {2002},
    journal = {Proceedings of IEEE International Symposium on High Assurance Systems Engineering},
    author = {Tsai, W. T. and Paul, R. and Song, Weiwei and Cao, Zhibin},
    pages = {173--174},
    volume = {2002-Janua},
    isbn = {0769517692},
    doi = {10.1109/HASE.2002.1173120},
    issn = {15302059},
    keywords = {Computer science, Data mining, Engines, Performance analysis, Performance evaluation, Runtime, Simple object access protocol, System testing, Systems engineering and theory, Web services}
}

@inproceedings{posadas2017application,
    title = {{Application of mixed distributed software architectures for social-productive projects management in peru}},
    year = {2017},
    booktitle = {2017 IEEE XXIV International Conference on Electronics, Electrical Engineering and Computing (INTERCON)},
    author = {Posadas, Jorge Valenzuela},
    pages = {1--4},
    doi = {10.1109/INTERCON.2017.8079698},
    keywords = {Web services, application program interfaces, cloud},
    language = {english}
}

@inproceedings{4032393,
    title = {{Applying Semantic Rules to Achieve Dynamic Service Oriented Architectures}},
    year = {2006},
    booktitle = {2006 Second International Conference on Rules and Rule Markup Languages for the Semantic Web (RuleML'06)},
    author = {Stoutenburg, S and Obrst, L and Nichols, D and Samuel, K and Franklin, P},
    month = {11},
    pages = {75--82},
    doi = {10.1109/RULEML.2006.4},
    keywords = {command and control systems;knowledge management;o}
}

@article{Bianco2011,
    title = {{Architecting Service-Oriented Systems}},
    year = {2011},
    author = {Bianco, Philip and Lewis, Grace A},
    number = {August},
    keywords = {Service-oriented architecture, system architecture}
}

@article{Ristov2013,
    title = {{Architecture and organization of e-Assessment cloud solution}},
    year = {2013},
    author = {Ristov, S. and Gusev, M. and Armenski, G. and Bozinoski, K. and Velkoski, G.},
    pages = {736--743},
    url = {http://ieeexplore.ieee.org/xpl/login.jsp?tp=&arnumber=6530189&url=http://ieeexplore.ieee.org/xpls/abs_all.jsp?arnumber=6530189},
    isbn = {9781467361101},
    doi = {10.1109/EduCon.2013.6530189}
}

@article{Zuniga-Prieto2016,
    title = {{Architecture Description Language for Incremental Integration of Cloud Services Architectures}},
    year = {2016},
    journal = {Proceedings - 2016 IEEE 10th International Symposium on the Maintenance and Evolution of Service-Oriented and Cloud-Based Environments, MESOCA 2016},
    author = {Z{\'{u}}{\~{n}}iga-Prieto, Miguel and Insfran, Emilio and Abrah{\~{a}}o, Silvia},
    pages = {16--23},
    isbn = {9781509038527},
    doi = {10.1109/MESOCA.2016.10},
    keywords = {SoaML, architecture description language, architecture reconfiguration, cloud services architecture, incremental integration, service-oriented architecture}
}

@article{Zuniga-Prieto2016a,
    title = {{Architecture Description Language for Incremental Integration of Cloud Services Architectures}},
    year = {2016},
    journal = {Proceedings - 2016 IEEE 10th International Symposium on the Maintenance and Evolution of Service-Oriented and Cloud-Based Environments, MESOCA 2016},
    author = {Z{\'{u}}{\~{n}}iga-Prieto, Miguel and Insfran, Emilio and Abrah{\~{a}}o, Silvia},
    pages = {16--23},
    isbn = {9781509038527},
    doi = {10.1109/MESOCA.2016.10},
    keywords = {SoaML, architecture description language, architecture reconfiguration, cloud services architecture, incremental integration, service-oriented architecture}
}

@article{Rodriguez2016,
    title = {{Artificial intelligence in service-oriented software design}},
    year = {2016},
    journal = {Engineering Applications of Artificial Intelligence},
    author = {Rodr{\'{i}}guez, Guillermo and Soria, Álvaro and Campo, Marcelo},
    pages = {86--104},
    volume = {53},
    publisher = {Elsevier},
    url = {http://dx.doi.org/10.1016/j.engappai.2016.03.009},
    doi = {10.1016/j.engappai.2016.03.009},
    issn = {09521976},
    keywords = {Artificial Intelligence, Service-oriented design, Web service composition, Web service development, Web services discovery}
}

@article{Voas2003,
    title = {{Assuring Software Quality Assurance}},
    year = {2003},
    author = {Voas, Jeffrey},
    pages = {48--49}
}

@article{Barcellos2006a,
    title = {{Atualiza{\c{c}}{\~{a}}o Current Comments Vigil{\^{a}}ncia ambiental em sa{\'{u}}de e sua implanta{\c{c}}{\~{a}}o no Sistema {\'{U}}nico de Sa{\'{u}}de Environmental surveillance in health in Brazil's Unified Health System}},
    year = {2006},
    journal = {Reapresentado em},
    author = {Barcellos, Christovam and Ant{\^{o}}nio, Luiz and Quit{\'{e}}rio, Dias},
    number = {29},
    pages = {170--7},
    volume = {4068},
    url = {www.fsp.usp.br/rsp},
    keywords = {Environmental exposure, Environmental surveillance, Health surveillance, Sanitation SUS (BR)}
}

@inproceedings{6612883,
    title = {{Beyond Requirements Dictator: How Agile Helped a Business Analyst Discover Her Real Value}},
    year = {2013},
    booktitle = {2013 Agile Conference},
    author = {Zajac-Woodie, D},
    pages = {88--93},
    doi = {10.1109/AGILE.2013.14},
    keywords = {business data processing;continuing education;form}
}

@inproceedings{1602334,
    title = {{Bridging the Gap between Data Models and Implementations: XMI2SQL}},
    year = {2006},
    booktitle = {Advanced Int'l Conference on Telecommunications and Int'l Conference on Internet and Web Applications and Services (AICT-ICIW'06)},
    author = {Chung, S and Hartford, E},
    pages = {201},
    doi = {10.1109/AICT-ICIW.2006.57},
    keywords = {Data models;Database systems;Object oriented datab}
}

@article{Aguilar-Saven2004,
    title = {{Business process modelling: Review and framework}},
    year = {2004},
    journal = {International Journal of Production Economics},
    author = {Aguilar-Sav{\'{e}}n, Ruth Sara},
    number = {2},
    pages = {129--149},
    volume = {90},
    isbn = {4613288975},
    doi = {10.1016/S0925-5273(03)00102-6},
    issn = {09255273},
    keywords = {Business process modelling, Enterprise modelling, Modelling techniques, Modelling tools}
}

@article{aguilar2004business,
    title = {{Business process modelling: Review and framework}},
    year = {2004},
    journal = {International Journal of production economics},
    author = {Aguilar-Saven, Ruth Sara},
    number = {2},
    pages = {129--149},
    volume = {90},
    publisher = {Elsevier}
}

@inproceedings{8054871,
    title = {{Challenges of Aligning Requirements Engineering and System Testing in Large-Scale Agile: A Multiple Case Study}},
    year = {2017},
    booktitle = {2017 IEEE 25th International Requirements Engineering Conference Workshops (REW)},
    author = {d. O. Neto, F G and Horkoff, J and Knauss, E and Kasauli, R and Liebel, G},
    pages = {315--322},
    doi = {10.1109/REW.2017.33},
    keywords = {formal specification;program testing;program verif}
}

@article{Yang2014,
    title = {{Cloud computing in e-Science: Research challenges and opportunities}},
    year = {2014},
    journal = {Journal of Supercomputing},
    author = {Yang, Xiaoyu and Wallom, David and Waddington, Simon and Wang, Jianwu and Shaon, Arif and Matthews, Brian and Wilson, Michael and Guo, Yike and Guo, Li and Blower, Jon D. and Vasilakos, Athanasios V. and Liu, Kecheng and Kershaw, Philip},
    number = {1},
    pages = {408--464},
    volume = {70},
    isbn = {0920-8542},
    doi = {10.1007/s11227-014-1251-5},
    issn = {15730484},
    keywords = {Big data, Cloud computing, Digital research, Grid computing, Informatics, Semantic web, Workflow, e-Research, e-Science}
}

@article{Garcia-de-Prado2017,
    title = {{COLLECT: COLLaborativE ConText-aware service oriented architecture for intelligent decision-making in the Internet of Things}},
    year = {2017},
    journal = {Expert Systems with Applications},
    author = {Garcia-de-Prado, Alfonso and Ortiz, Guadalupe and Boubeta-Puig, Juan},
    pages = {231--248},
    volume = {85},
    publisher = {Elsevier Ltd},
    url = {http://dx.doi.org/10.1016/j.eswa.2017.05.034},
    doi = {10.1016/j.eswa.2017.05.034},
    issn = {09574174},
    keywords = {Collaborative Internet of Things, Complex event processing, Context awareness, Intelligent decision-making, Service oriented architecture}
}

@article{Maxwell2001,
    title = {{Collecting data for comparability: Benchmarking software development productivity}},
    year = {2001},
    journal = {IEEE Software},
    author = {Maxwell, Katrina D.},
    number = {5},
    pages = {22--25},
    volume = {18},
    doi = {10.1109/52.951490},
    issn = {07407459}
}

@article{Wang2017,
    title = {{Combining quantitative constraints with qualitative preferences for effective non-functional properties-aware service composition}},
    year = {2017},
    journal = {Journal of Parallel and Distributed Computing},
    author = {Wang, Hongbing and Ma, Peisheng and Yu, Qi and Yang, Danrong and Li, Jiajie and Fei, Huanhuan},
    pages = {71--84},
    volume = {100},
    doi = {10.1016/j.jpdc.2016.10.013},
    issn = {07437315},
    keywords = {Non-functional properties, Quantitative and qualitative, Service composition, TCP-nets}
}

@article{Luo2008,
    title = {{Common Business Components and Services toward More Agile and Flexible Industry Solutions and Assets}},
    year = {2008},
    journal = {2008 IEEE Congress on Services Part II (services-2 2008)},
    author = {Luo, Min},
    pages = {11--12},
    url = {http://ieeexplore.ieee.org/document/4700491/},
    isbn = {978-0-7695-3313-1},
    doi = {10.1109/SERVICES-2.2008.53}
}

@article{Henard2016,
    title = {{Comparing White-box and Black-box Test Prioritization}},
    year = {2016},
    author = {Henard, Christopher and Papadakis, Mike and Harman, Mark and Traon, Yves Le},
    pages = {523--534},
    isbn = {9781450339001},
    keywords = {black-box, regression testing, white-box}
}

@article{JONKERS2004,
    title = {{Concepts for Modeling Enterprise Architectures}},
    year = {2004},
    journal = {International Journal of Cooperative Information Systems},
    author = {JONKERS, HENK and LANKHORST, MARC and VAN BUUREN, RENÉ and HOPPENBROUWERS, STIJN and BONSANGUE, MARCELLO and VAN DER TORRE, LEENDERT},
    number = {03},
    pages = {257--287},
    volume = {13},
    url = {http://www.worldscientific.com/doi/abs/10.1142/S0218843004000985},
    isbn = {02188430},
    doi = {10.1142/S0218843004000985},
    issn = {0218-8430},
    pmid = {14261615},
    keywords = {business-ict alignment, concepts, enterprise architecture, modeling, service-oriented architectures}
}

@article{jonkers2004concepts,
    title = {{Concepts for modeling enterprise architectures}},
    year = {2004},
    journal = {International Journal of Cooperative Information Systems},
    author = {Jonkers, Henk and Lankhorst, Marc and Van Buuren, Rene and Hoppenbrouwers, Stijn and Bonsangue, Marcello and Van Der Torre, Leendert},
    number = {03},
    pages = {257--287},
    volume = {13},
    publisher = {World Scientific}
}

@article{Deng2016a,
    title = {{Continuous monitoring of A/B tests without pain: Optional stopping in Bayesian testing}},
    year = {2016},
    journal = {Proceedings - 3rd IEEE International Conference on Data Science and Advanced Analytics, DSAA 2016},
    author = {Deng, Alex and Lu, Jiannan and Chen, Shouyuan},
    number = {2},
    pages = {243--252},
    isbn = {9781509052066},
    doi = {10.1109/DSAA.2016.33},
    issn = {9781450321389},
    arxivId = {1602.05549},
    keywords = {A/B testing, Bayes factor, Continuous monitoring, Controlled experiments, Optional stopping}
}

@inproceedings{4392689,
    title = {{Core Mechanisms for Web Services Extensions}},
    year = {2007},
    booktitle = {Next Generation Web Services Practices, 2007. NWeSP 2007. Third International Conference on},
    author = {Pardal, M},
    pages = {99--103},
    doi = {10.1109/NWESP.2007.10},
    keywords = {Web services;information systems;open systems;Web}
}

@article{Zhi2015,
    title = {{Cost, benefits and quality of software development documentation: A systematic mapping}},
    year = {2015},
    journal = {Journal of Systems and Software},
    author = {Zhi, Junji and Garousi-Yusifoʇlu, Vahid and Sun, Bo and Garousi, Golara and Shahnewaz, Shawn and Ruhe, Guenther},
    pages = {175--198},
    volume = {99},
    publisher = {Elsevier Inc.},
    url = {http://dx.doi.org/10.1016/j.jss.2014.09.042},
    isbn = {0164-1212},
    doi = {10.1016/j.jss.2014.09.042},
    issn = {01641212},
    keywords = {Documentation benefit, Software documentation, Systematic mapping}
}

@article{Harding2006b,
    title = {{Data Mining in Manufacturing: A Review}},
    year = {2006},
    journal = {Journal of Manufacturing Science and Engineering},
    author = {Harding, J. A. and Shahbaz, M. and {Srinivas} and Kusiak, A.},
    number = {4},
    pages = {969},
    volume = {128},
    url = {http://manufacturingscience.asmedigitalcollection.asme.org/article.aspx?articleid=1450804},
    doi = {10.1115/1.2194554},
    issn = {10871357}
}

@article{Merson2009,
    title = {{Data Model as an Architectural View}},
    year = {2009},
    journal = {Solutions},
    author = {Merson, Paulo},
    number = {October},
    pages = {1--10},
    url = {http://www.sei.cmu.edu/reports/09tn024.pdf},
    keywords = {data model, architectural view, architectural styl}
}

@article{Merson2009b,
    title = {{Data Model as an Architectural View}},
    year = {2009},
    journal = {Solutions},
    author = {Merson, Paulo},
    number = {October},
    pages = {1--10},
    url = {http://www.sei.cmu.edu/reports/09tn024.pdf},
    keywords = {data model, architectural view, architectural styl}
}

@article{Delen2013,
    title = {{Data, information and analytics as services}},
    year = {2013},
    journal = {Decision Support Systems},
    author = {Delen, Dursun and Demirkan, Haluk},
    number = {1},
    month = {4},
    pages = {359--363},
    volume = {55},
    publisher = {North-Holland},
    url = {http://www.sciencedirect.com.ez54.periodicos.capes.gov.br/science/article/pii/S0167923612001558?via%3Dihub},
    isbn = {0167-9236},
    doi = {10.1016/j.dss.2012.05.044},
    issn = {01679236},
    pmid = {19757261},
    keywords = {Agile analytics, Analytics-as-a-service, Business analytics, Cloud computing, Data-as-a-service, Information-as-a- service, Service-orientation}
}

@article{Deng2016,
    title = {{Data-Driven Metric Development for Online Controlled Experiments}},
    year = {2016},
    journal = {Proceedings of the 22nd ACM SIGKDD International Conference on Knowledge Discovery and Data Mining - KDD '16},
    author = {Deng, Alex and Shi, Xiaolin},
    pages = {77--86},
    url = {http://dl.acm.org/citation.cfm?doid=2939672.2939700},
    isbn = {9781450342322},
    doi = {10.1145/2939672.2939700},
    keywords = {a, b testing, controlled experiment, figure 1, line metrics, on-, services, the relationship between online, user experience evaluation, web measurement}
}

@article{VanVliet2016,
    title = {{Decision making in software architecture}},
    year = {2016},
    journal = {Journal of Systems and Software},
    author = {van Vliet, Hans and Tang, Antony},
    pages = {638--644},
    volume = {117},
    publisher = {Elsevier Inc.},
    doi = {10.1016/j.jss.2016.01.017},
    issn = {01641212},
    keywords = {Design decisions, Software architecture}
}

@article{Mnkandla2006,
    title = {{Defining Agile Software Quality Assurance}},
    year = {2006},
    journal = {2006 International Conference on Software Engineering Advances (ICSEA'06)},
    author = {Mnkandla, Ernest and Dwolatzky, Barry},
    number = {c},
    pages = {36--36},
    volume = {00},
    isbn = {0769527035},
    doi = {10.1109/ICSEA.2006.261292},
    keywords = {Logic testing, Programming, Q factor, Quality assuran}
}

@article{Huotari2012,
    title = {{Defining gamification}},
    year = {2012},
    journal = {Proceeding of the 16th International Academic MindTrek Conference on - MindTrek '12},
    author = {Huotari, Kai and Hamari, Juho},
    pages = {17},
    url = {http://dl.acm.org/citation.cfm?doid=2393132.2393137},
    isbn = {9781450316378},
    doi = {10.1145/2393132.2393137},
    issn = {9781450316378},
    keywords = {design, game design, games, gamification, persuasive technologies, service, service marketing}
}

@article{Plattner2011a,
    title = {{Design Thinking}},
    year = {2011},
    author = {{\^{A}}ngelo, Miguel},
    pages = {1525--1535},
    url = {https://www.hpi.uni-potsdam.de/fileadmin/hpi/FG_ITS/papers/Book_Chapters/Front_Matter_-_Design_Thinking_Understand__Improve__Apply.pdf%0Ahttp://link.springer.com/10.1007/978-3-642-13757-0},
    isbn = {978-3-642-13756-3},
    doi = {10.1007/978-3-642-13757-0},
    issn = {1871-5125},
    pmid = {22469268},
    arxivId = {arXiv:1011.1669v3}
}

@article{Plattner2011b,
    title = {{Design Thinking}},
    year = {2011},
    author = {{Felipe Alberto Moreira Dias}},
    pages = {1525--1535},
    url = {https://www.hpi.uni-potsdam.de/fileadmin/hpi/FG_ITS/papers/Book_Chapters/Front_Matter_-_Design_Thinking_Understand__Improve__Apply.pdf%0Ahttp://link.springer.com/10.1007/978-3-642-13757-0},
    isbn = {978-3-642-13756-3},
    doi = {10.1007/978-3-642-13757-0},
    issn = {1871-5125},
    pmid = {22469268},
    arxivId = {arXiv:1011.1669v3}
}

@article{Plattner2011,
    title = {{Design Thinking}},
    year = {2011},
    author = {Costa, Pedro Henrique Teixeira},
    pages = {1525--1535},
    url = {https://www.hpi.uni-potsdam.de/fileadmin/hpi/FG_ITS/papers/Book_Chapters/Front_Matter_-_Design_Thinking_Understand__Improve__Apply.pdf%0Ahttp://link.springer.com/10.1007/978-3-642-13757-0},
    isbn = {978-3-642-13756-3},
    doi = {10.1007/978-3-642-13757-0},
    issn = {1871-5125},
    pmid = {22469268},
    arxivId = {arXiv:1011.1669v3}
}

@article{Xu2016,
    title = {{Designing Geodata Service Composition Web Application Based on Service-Oriented Architecture}},
    year = {2016},
    author = {Xu, N A and Peng, Suping and Wang, Zhangang},
    volume = {4},
    doi = {10.1109/ACCESS.2016.2594066},
    issn = {2169-3536}
}

@inproceedings{5608805,
    title = {{Designing SOA based e-governance system using eXtreme Programming methodology for developing countries}},
    year = {2010},
    booktitle = {2010 2nd International Conference on Software Technology and Engineering},
    author = {Roy, S and Debnath, M Kumar},
    pages = {2--277},
    volume = {2},
    url = {https://ieeexplore.ieee.org/abstract/document/5608805/},
    doi = {10.1109/ICSTE.2010.5608805},
    keywords = {government data processing, s, software architecture}
}

@article{Belete2017,
    title = {{Designing the Distributed Model Integration Framework – DMIF}},
    year = {2017},
    journal = {Environmental Modelling {\&} Software},
    author = {Belete, Getachew F. and Voinov, Alexey and Morales, Javier},
    pages = {112--126},
    volume = {94},
    publisher = {Elsevier Ltd},
    url = {http://linkinghub.elsevier.com/retrieve/pii/S1364815216309872},
    isbn = {3168483869},
    doi = {10.1016/j.envsoft.2017.04.003},
    issn = {13648152}
}

@article{DeO.Melo2012,
    title = {{Developers motivation in agile teams}},
    year = {2012},
    journal = {Proceedings - 38th EUROMICRO Conference on Software Engineering and Advanced Applications, SEAA 2012},
    author = {De O. Melo, Claudia and Santana, Célio and Kon, Fabio},
    number = {September},
    pages = {376--383},
    isbn = {9780769547909},
    doi = {10.1109/SEAA.2012.45},
    issn = {1089-6503},
    keywords = {Agile software development, Motivation, Multiple-case study, Systematic literature review, human factors}
}

@article{Farroha2011,
    title = {{Developing corporate services in an agile environment}},
    year = {2011},
    journal = {Proceedings - IEEE Military Communications Conference MILCOM},
    author = {Farroha, Deborah and Farroha, Bassam},
    pages = {1535--1540},
    isbn = {9781467300810},
    doi = {10.1109/MILCOM.2011.6127525},
    issn = {1996756X}
}

@article{ZurMuehlen2005,
    title = {{Developing web services choreography standards - The case of REST vs. SOAP}},
    year = {2005},
    journal = {Decision Support Systems},
    author = {Zur Muehlen, Michael and Nickerson, Jeffrey V. and Swenson, Keith D.},
    number = {1 SPEC. ISS.},
    pages = {9--29},
    volume = {40},
    isbn = {0167-9236},
    doi = {10.1016/j.dss.2004.04.008},
    issn = {01679236},
    keywords = {Choreography, Integration, Interoperability, Process, REST, SOAP, Standards, Web services, Workflow}
}

@inproceedings{clements2003documenting,
    title = {{Documenting software architectures: views and beyond}},
    year = {2003},
    booktitle = {Proceedings of the 25th International Conference on Software Engineering},
    author = {Clements, Paul and Garlan, David and Little, Reed and Nord, Robert and Stafford, Judith},
    pages = {740--741},
    organization = {IEEE Computer Society},
    language = {english}
}

@article{Bai2007,
    title = {{Dynamic reconfigurable testing of service-oriented architecture}},
    year = {2007},
    journal = {Proceedings - International Computer Software and Applications Conference},
    author = {Bai, Xiaoying and Xu, Dezheng and Dai, Guilan and Tsai, Wei Tek and Chen, Yinong},
    number = {Compsac},
    pages = {368--375},
    volume = {1},
    isbn = {9780769528700},
    doi = {10.1109/COMPSAC.2007.106},
    issn = {07303157}
}

@inproceedings{4591782,
    title = {{Dynamically Optimized Production Planning Using Cross-Layer SOA}},
    year = {2008},
    booktitle = {2008 32nd Annual IEEE International Computer Software and Applications Conference},
    author = {Savio, D and Karnouskos, S and Wuwer, D and Bangemann, T},
    pages = {1361--1365},
    doi = {10.1109/COMPSAC.2008.219},
    issn = {0730-3157},
    keywords = {enterprise resource planning;production engineerin}
}

@inproceedings{5501178,
    title = {{E-government and outsourcing}},
    year = {2009},
    booktitle = {2009 5th Central and Eastern European Software Engineering Conference in Russia (CEE-SECR)},
    author = {Blaer, I},
    pages = {121--124},
    doi = {10.1109/CEE-SECR.2009.5501178},
    keywords = {Internet;government data processing;graphical user}
}

@inproceedings{6761551,
    title = {{e-Rakorev: Towards governance planning, monitoring and evaluation of urban development for Manado SmartCity}},
    year = {2013},
    booktitle = {2013 International Conference on Advanced Computer Science and Information Systems (ICACSIS)},
    author = {Karouw, S and Wowor, H},
    pages = {47--53},
    doi = {10.1109/ICACSIS.2013.6761551},
    keywords = {Web services;government data processing;informatio}
}

@article{Brucker2014,
    title = {{Editorial: Editorial for the special issue of STVR on tests and proofs volume 2: Tests and proofs for improving the generation time and quality of test data suites}},
    year = {2014},
    journal = {Software Testing Verification and Reliability},
    author = {Brucker, Achim D. and Julliand, Jacques},
    number = {8},
    pages = {591--592},
    volume = {24},
    isbn = {1099-1689},
    doi = {10.1002/stvr},
    issn = {10991689},
    arxivId = {arXiv:1709.04631v1}
}

@misc{zimmermann2004elements,
    title = {{Elements of service-oriented analysis and design}},
    year = {2004},
    booktitle = {IBM developerworks},
    author = {Zimmermann, Olaf and Krogdahl, Pal and Gee, Clive},
    url = {https://www.ibm.com/developerworks/library/ws-soad1/index.html}
}

@article{DYBA2008833,
    title = {{Empirical studies of agile software development: A systematic review}},
    year = {2008},
    journal = {Information and Software Technology},
    author = {Dyb{\aa}, Tore and Dings{\o}yr, Torgeir},
    number = {9},
    pages = {833--859},
    volume = {50},
    url = {http://www.sciencedirect.com/science/article/pii/S0950584908000256},
    doi = {https://doi.org/10.1016/j.infsof.2008.01.006},
    issn = {0950-5849},
    keywords = {Agile software development, Empirical software engineering, Evidence-based software engineering, Extreme programming, Research synthesis, Scrum, Systematic review, XP},
    language = {english}
}

@inproceedings{sfetsos2010empirical,
    title = {{Empirical Studies on Quality in Agile Practices: A Systematic Literature Review}},
    year = {2010},
    booktitle = {2010 Seventh International Conference on the Quality of Information and Communications Technology},
    author = {Sfetsos, P and Stamelos, I},
    pages = {44--53},
    doi = {10.1109/QUATIC.2010.17},
    keywords = {Book reviews, IEC standards, ISO standards, ISO/IEC 12207, ISO/IEC 9126, Measurement, Programming, Software, Systematics, agile methods, agile practices, empirical studies, pair programming, product quality, program testing, quality, software prototyping, software quality, systematic literature Review, systematic literature review, test first development, test-driven development, test-first development}
}

@inproceedings{5502572,
    title = {{Enhancing ESB Based Execution Platform to Support Flexible Communication Web Services over Heterogeneous Networks}},
    year = {2010},
    booktitle = {2010 IEEE International Conference on Communications},
    author = {Zhu, D and Zhang, Y and Chen, J and Cheng, B},
    pages = {1--6},
    doi = {10.1109/ICC.2010.5502572},
    issn = {1550-3607},
    keywords = {Application software;Communication industry;Commun}
}

@article{Hossain2013,
    title = {{Enhancing Software Quality Using Agile Techniques}},
    year = {2013},
    journal = {IOSR Journal of Computer Engineering},
    author = {Hossain, Amran and Kashem, Abul and Sultana, Sahelee},
    number = {2},
    pages = {2278--661},
    volume = {10},
    url = {www.iosrjournals.org},
    isbn = {0661010287},
    doi = {10.9790/0661-01028793},
    issn = {22788727},
    keywords = {-Agile methods, Architectural spike, Software Quality, Software Quality assurance, System metaphor}
}

@inproceedings{4670306,
    title = {{Enhancing Test Driven Development with Model Based Testing and Performance Analysis}},
    year = {2008},
    booktitle = {Testing: Academic Industrial Conference - Practice and Research Techniques (taic part 2008)},
    author = {Wieczorek, S and Stefanescu, A and Fritzsche, M and Schnitter, J},
    pages = {82--86},
    doi = {10.1109/TAIC-PART.2008.17},
    keywords = {enterprise resource planning;program testing;softw}
}

@article{Barcellos2006,
    title = {{Environmental surveillance in health in Brazil’s Unified Health System}},
    year = {2006},
    journal = {Revista de Sa{\'{u}}de P{\'{u}}blica},
    author = {Barcellos, Christovam and Quit{\'{e}}rio, Luiz Antônio Dias},
    number = {1},
    pages = {1--8},
    volume = {40},
    isbn = {0034-8910 (Print){\textbackslash}r0034-8910 (Linking)},
    doi = {/S0034-89102006000100025},
    issn = {0034-8910},
    pmid = {16410998},
    keywords = {br, environmental exposure, environmental surveillance, health, sanitation, surveillance, sus}
}

@article{SilvaJr2004,
    title = {{Epidemiologia em servi{\c{c}}o : uma avalia{\c{c}}{\~{a}}o de desempenho do Sistema Nacional de Vigilancia em Saude}},
    year = {2004},
    author = {Silva Jr, J. B. Da},
    pages = {318},
    url = {http://www.bibliotecadigital.unicamp.br/document/?code=vtls000338650}
}

@article{Bianco2007,
    title = {{Evaluating a Service-Oriented Architecture}},
    year = {2007},
    journal = {Research Showcase @ CMU},
    author = {Bianco, Philip and Kotermanski, Rick and Merson, Paulo F},
    number = {September},
    volume = {1},
    url = {http://repository.cmu.edu/sei},
    isbn = {CMU/SEI-2007-TR-015},
    issn = {03636143},
    pmid = {19605736},
    language = {english}
}

@article{Sirshar2012,
    title = {{Evaluation of Quality Assurance Factors in Agile Methodologies}},
    year = {2012},
    journal = {International Journal of Advanced Computer Science},
    author = {Sirshar, Mehreen and Arif, Fahim},
    number = {2},
    pages = {73--78},
    volume = {2}
}

@inproceedings{5170429,
    title = {{Execution Semantics Analysis Based Composition Compensation Mechanism in Web Services Composition}},
    year = {2009},
    booktitle = {2009 WRI World Congress on Computer Science and Information Engineering},
    author = {Mei, X and Jiang, A and Zheng, F and Li, S},
    pages = {820--824},
    volume = {7},
    doi = {10.1109/CSIE.2009.725},
    keywords = {Web services;software reliability;Web services com}
}

@article{Roman2013,
    title = {{Experiences applying RM-ODP principles and techniques to intelligent transportation system architectures}},
    year = {2013},
    journal = {Computer Standards and Interfaces},
    author = {Rom{\'{a}}n, I. and Madinabeitia, G. and Jimenez, L. and Molina, G. A. and Ternero, J. A.},
    number = {3},
    pages = {338--347},
    volume = {35},
    publisher = {Elsevier B.V.},
    url = {http://dx.doi.org/10.1016/j.csi.2011.12.004},
    isbn = {09205489 (ISSN)},
    doi = {10.1016/j.csi.2011.12.004},
    issn = {09205489},
    keywords = {(Intelligent Transportation Systems), A/V Stream Service, CORBA, ITS, Notification Service, RM-ODP, SOA}
}

@article{Li2012,
    title = {{Explanation of transfer function for the myth of agile service development}},
    year = {2012},
    journal = {Proceedings - 2012 8th International Conference on Semantics, Knowledge and Grids, SKG 2012},
    author = {Li, Juan and Zeng, Zhen and Chen, Yuxi and Liu, Jin and Hu, Qiping},
    pages = {273--276},
    isbn = {9780769547947},
    doi = {10.1109/SKG.2012.61},
    keywords = {Agile Service Development, Development Resource Allocation, QFD, Transfer Function}
}

@article{Gu2009,
    title = {{Exploring service-oriented system engineering challenges: A systematic literature review}},
    year = {2009},
    journal = {Service Oriented Computing and Applications},
    author = {Gu, Qing and Lago, Patricia},
    number = {3},
    pages = {171--188},
    volume = {3},
    isbn = {1863-2386},
    doi = {10.1007/s11761-009-0046-7},
    issn = {18632386},
    keywords = {Empirical software engineering, SOSE challenge, Service-oriented system engineering, Systematic review}
}

@article{Lee2017,
    title = {{Exploring the determinants of software process improvement success: A dynamic capability view}},
    year = {2017},
    journal = {Information Development},
    author = {Lee, J.-C. and Chen, C.-Y.},
    url = {https://www.scopus.com/inward/record.uri?eid=2-s2.0-85041585252&doi=10.1177%2F0266666917724194&partnerID=40&md5=1589cda853b9764fb2de5717756a5f21},
    doi = {10.1177/0266666917724194}
}

@article{Bennett1997,
    title = {{Exploring the use of electronic messaging infrastructure: The case of a telecommunications firm}},
    year = {1997},
    journal = {Journal of Strategic Information Systems},
    author = {Bennett, Michael and Weill, Peter},
    number = {1},
    pages = {7--34},
    volume = {6},
    isbn = {0963-8687},
    doi = {10.1016/S0963-8687(97)00002-4},
    issn = {09638687},
    keywords = {Business processes, Electronic messaging}
}

@article{Tsai2002,
    title = {{Extending WSDL to facilitate Web services testing}},
    year = {2002},
    journal = {Proceedings of IEEE International Symposium on High Assurance Systems Engineering},
    author = {Tsai, W. T. and Paul, R. and Wang, Yamin and Fan, Chun and Wang, Dong},
    pages = {171--172},
    volume = {2002-Janua},
    isbn = {0769517692},
    doi = {10.1109/HASE.2002.1173119},
    issn = {15302059},
    pmid = {1173119},
    keywords = {Computer science, Java, Power engineering and energy, Programming, Runtime, Simple object access protocol, Software testing, Standards development, System testing, Web services}
}

@article{JoaoMellodaSilvaCoorientadorJoaoCarlosFelixSouza,
    title = {{Extens{\~{a}}o do Guia PMBOK para projetos de Intelig{\^{e}}ncia em Sa{\'{u}}de}},
    author = {Jo{\~{a}}o Mello da Silva Coorientador Jo{\~{a}}o Carlos F{\'{e}}lix Souza, Orientador}
}

@article{Abdullah2013,
    title = {{Extreme programming applied in a large-scale distributed system}},
    year = {2013},
    journal = {Proceedings - 2013 International Conference on Computer, Electrical and Electronics Engineering: 'Research Makes a Difference', ICCEEE 2013},
    author = {Abdullah, Elmuntasir and Abdelsatir, El Tigani B.},
    pages = {442--446},
    isbn = {9781467362313},
    doi = {10.1109/ICCEEE.2013.6633979},
    keywords = {Agile development, Extreme Programming, Large-scale development, Service Oriented Architectures, Traffic Violations Control}
}

@article{Chehili2013,
    title = {{FASOAD: A framework for agile service-oriented architectures development}},
    year = {2013},
    journal = {Proceedings - International Workshop on Database and Expert Systems Applications, DEXA},
    author = {Chehili, Hamza and Seinturier, Lionel and Boufaida, Mahmoud},
    pages = {222--226},
    isbn = {9780769550701},
    doi = {10.1109/DEXA.2013.28},
    issn = {15294188},
    keywords = {Agile, Component, Framework, SCA, SOA, model}
}

@inproceedings{deterding2011game,
    title = {{From game design elements to gamefulness: defining gamification}},
    year = {2011},
    booktitle = {Proceedings of the 15th international academic MindTrek conference: Envisioning future media environments},
    author = {Deterding, Sebastian and Dixon, Dan and Khaled, Rilla and Nacke, Lennart},
    pages = {9--15},
    organization = {ACM}
}

@inproceedings{deterding2011gameb,
    title = {{From game design elements to gamefulness: defining gamification}},
    year = {2011},
    booktitle = {Proceedings of the 15th international academic MindTrek conference: Envisioning future media environments},
    author = {Deterding, Sebastian and Dixon, Dan and Khaled, Rilla and Nacke, Lennart},
    pages = {9--15},
    organization = {ACM}
}

@inproceedings{Trimble20134826,
    title = {{From traditional, to lean, to agile development: Finding the optimal software engineering cycle}},
    year = {2013},
    booktitle = {Proceedings of the Annual Hawaii International Conference on System Sciences},
    author = {Trimble, J and Webster, C},
    pages = {4826--4833},
    url = {https://www.scopus.com/inward/record.uri?eid=2-s2.0-84875535793&doi=10.1109%2FHICSS.2013.237&partnerID=40&md5=31e64086c76e406e7f3741891116b50a},
    address = {Wailea, Maui, HI},
    doi = {10.1109/HICSS.2013.237},
    keywords = {Agile development, Agile methods, Ames research centers, Customer satisfaction, Design and Development, Iterative methods, Mission control, NASA, Sales, Software engineering, Software platforms, Systems science, Team culture, User-centric}
}

@article{Freitas2016,
    title = {{Gamifica{\c{c}}{\~{a}}o e avalia{\c{c}}{\~{a}}o do engajamento dos estudantes em uma disciplina t{\'{e}}cnica de curso de gradua{\c{c}}{\~{a}}o}},
    year = {2016},
    author = {Freitas, Sérgio De and Lima, Thiago and Canedo, Edna and Costa, Ricardo Lopes},
    number = {Cbie},
    pages = {370},
    url = {http://www.br-ie.org/pub/index.php/sbie/article/view/6717},
    doi = {10.5753/cbie.sbie.2016.370},
    issn = {2316-6533}
}

@article{Ortiz2007,
    title = {{Getting on board the enterprise service bus}},
    year = {2007},
    journal = {Computer},
    author = {Ortiz, Sixto},
    number = {4},
    pages = {15--17},
    volume = {40},
    isbn = {0018-9162 VO  - 40},
    doi = {10.1109/MC.2007.127},
    issn = {00189162},
    keywords = {Enterprise service bus, Service-oriented architectures}
}

@article{Jalali2012643,
    title = {{Global software engineering and agile practices: A systematic review}},
    year = {2012},
    journal = {Journal of software: Evolution and Process},
    author = {Jalali, S and Wohlin, C},
    number = {6},
    pages = {643--659},
    volume = {24},
    url = {https://www.scopus.com/inward/record.uri?eid=2-s2.0-84867499567&doi=10.1002%2Fsmr.561&partnerID=40&md5=53bf8c9c5ae2f4cb3b28380a223ce5ec},
    doi = {10.1002/smr.561},
    keywords = {Agile practices, Conference papers, Distributed software development, Global software engineering, Industrial experience, Industrial research, Journal articles, Paper, Software design, Software development approach, Systematic Review, research methods}
}

@inproceedings{4354108,
    title = {{Grid 3.0: Services, semantics and society}},
    year = {2007},
    booktitle = {2007 8th IEEE/ACM International Conference on Grid Computing},
    author = {Goble, C and Roure, D De},
    pages = {1},
    doi = {10.1109/GRID.2007.4354108},
    issn = {2152-1085},
    keywords = {Web services;grid computing;software architecture;}
}

@article{MinisteriodoPlanejamentoOrcamentoeGestao2015,
    title = {{Guia De Projetos De                   Com Pr{\'{a}}ticas De  M{\'{e}}todos {\'{A}}geis Para O Sisp}},
    year = {2015},
    author = {{Minist{\'{e}}rio do Planejamento Or{\c{c}}amento e Gest{\~{a}}o}}
}

@article{Horizonte,
    title = {{Guia Do}},
    author = {Horizonte, Belo},
    pages = {1--14},
    isbn = {9781628253900}
}

@article{Runeson2009,
    title = {{Guidelines for conducting and reporting case study research in software engineering}},
    year = {2009},
    journal = {Empirical Software Engineering},
    author = {Runeson, Per and H{\"{o}}st, Martin},
    number = {2},
    pages = {131--164},
    volume = {14},
    isbn = {1382325615737616},
    doi = {10.1007/s10664-008-9102-8},
    issn = {13823256},
    pmid = {28843849},
    arxivId = {arXiv:gr-qc/9809069v1},
    archivePrefix = {arXiv},
    eprint = {9809069v1},
    primaryClass = {gr-qc},
    keywords = {Case study, Checklists, Guidelines, Research methodology}
}

@article{Petersen2015,
    title = {{Guidelines for conducting systematic mapping studies in software engineering : An update}},
    year = {2015},
    journal = {INFORMATION AND SOFTWARE TECHNOLOGY},
    author = {Petersen, Kai and Vakkalanka, Sairam and Kuzniarz, Ludwik},
    pages = {1--18},
    volume = {64},
    publisher = {Elsevier B.V.},
    url = {http://dx.doi.org/10.1016/j.infsof.2015.03.007},
    doi = {10.1016/j.infsof.2015.03.007},
    issn = {0950-5849},
    keywords = {software engineering, systematic mapping studies}
}

@article{Kitchenham2007,
    title = {{Guidelines for performing Systematic Literature Reviews in Software Engineering}},
    year = {2007},
    journal = {Engineering},
    author = {Kitchenham, Barbara and Charters, S},
    pages = {1051},
    volume = {2},
    isbn = {1595933751},
    doi = {10.1145/1134285.1134500},
    issn = {00010782},
    pmid = {10853839},
    arxivId = {1304.1186}
}

@article{IEEE_Std_1074_1997,
    title = {{IEEE Standard for Developing Software Life Cycle Processes}},
    year = {1998},
    journal = {IEEE Std 1074-1997},
    pages = {i-},
    doi = {10.1109/IEEESTD.1998.88827},
    keywords = {IEEE standard, IEEE standards, organization, process architect, software life cycle process development, software project management}
}

@article{Altameem2015,
    title = {{Impact of Agile Methodology on Software Development}},
    year = {2015},
    journal = {Computer and Information Science},
    author = {Altameem, Eman},
    number = {2},
    pages = {46--50},
    volume = {8},
    url = {http://ccsenet.org/journal/index.php/cis/article/view/44383},
    isbn = {1382-3256},
    doi = {10.5539/cis.v8n2p9},
    issn = {1913-8997}
}

@article{Baroudi:1986:ITE:5948.5953,
    title = {{Impact of the Technological Environment on Programmer/Analyst Job Outcomes}},
    year = {1986},
    journal = {Commun. ACM},
    author = {Baroudi, Jack J and Ginzberg, Michael J},
    number = {6},
    pages = {546--555},
    volume = {29},
    publisher = {ACM},
    url = {http://doi.acm.org/10.1145/5948.5953},
    address = {New York, NY, USA},
    doi = {10.1145/5948.5953},
    issn = {0001-0782}
}

@article{Kilpl2001,
    title = {{Implementing a software metrics program at Nokia}},
    year = {2001},
    journal = {IEEE Software},
    author = {Kilpl, Tapani},
    number = {6},
    pages = {72--77},
    volume = {18},
    doi = {10.1109/52.965808},
    issn = {07407459}
}

@article{Akbar2018,
    title = {{Improving the quality of software development process by introducing a new methodology—AZ–Model}},
    year = {2018},
    journal = {IEEE Access},
    author = {Akbar, Muhammad Azeem and Sang, Jun and Khan, Arif Ali and E-Amin, Fazal and {Nasrullah} and Shafiq, Muhammad and Hussain, Shahid and Hu, Haibo and Elahi, Manzoor and Xiang, Hong},
    pages = {1--1},
    url = {http://ieeexplore.ieee.org/document/8241771/},
    doi = {10.1109/ACCESS.2017.2787981},
    issn = {2169-3536}
}

@article{Deerwester1990,
    title = {{Indexing by latent semantic analysis}},
    year = {1990},
    journal = {Journal of the American Society for Information Science},
    author = {Deerwester, Scott and Dumais, Susan T. and Furnas, George W. and Landauer, Thomas K. and Harshman, Richard},
    number = {6},
    month = {9},
    pages = {391--407},
    volume = {41},
    url = {http://citeseerx.ist.psu.edu/viewdoc/download?doi=10.1.1.62.1152&amp;rep=rep1&amp;type=pdf http://doi.wiley.com/10.1002/%28SICI%291097-4571%28199009%2941%3A6%3C391%3A%3AAID-ASI1%3E3.0.CO%3B2-9},
    isbn = {9781450300322},
    doi = {10.1002/(SICI)1097-4571(199009)41:6<391::AID-ASI1>3.0.CO;2-9},
    issn = {0002-8231},
    pmid = {470195},
    arxivId = {arXiv:1403.2923v1}
}

@article{Scheinholtz201172,
    title = {{Interview patterns for requirements elicitation}},
    year = {2011},
    journal = {Lecture Notes in Computer Science (including subseries Lecture Notes in Artificial Intelligence and Lecture Notes in Bioinformatics)},
    author = {Scheinholtz, L A and Wilmont, I},
    pages = {72--77},
    volume = {6606 LNCS},
    url = {https://www.scopus.com/inward/record.uri?eid=2-s2.0-79953123201&doi=10.1007%2F978-3-642-19858-8_9&partnerID=40&md5=da6f78141b4970a8f2671d01c006ee24},
    address = {Essen},
    doi = {10.1007/978-3-642-19858-8{\_}9},
    keywords = {Computer software selection and evaluation; Engin, Requirements engineering, asking; quality of responses; Requirements elicita}
}

@misc{deci2003intrinsic,
    title = {{Intrinsic Motivation Inventory. Self-Determination Theory [On-line]}},
    year = {2003},
    author = {Deci, E L and Ryan, R M},
    url = {http://selfdeterminationtheory.org/intrinsic-motivation-inventory/}
}

@article{Monteiro2015,
    title = {{Intrinsic Motivation Inventory: Psychometric Properties in the Context of First Language and Mathematics Learning}},
    year = {2015},
    journal = {Psicologia: Reflex{\~{a}}o e Cr{\'{i}}tica},
    author = {Monteiro, Vera and Mata, Lourdes and Peixoto, Francisco},
    number = {3},
    pages = {434--443},
    volume = {28},
    url = {http://www.scielo.br/scielo.php?script=sci_arttext&pid=S0102-79722015000300434&lng=en&nrm=iso&tlng=en},
    doi = {10.1590/1678-7153.201528302},
    issn = {1678-7153},
    keywords = {fi rst language, intrinsic motivation, mathematics, self-determination theory}
}

@article{Nadschlager2017,
    title = {{Introducing Design Patterns to Knowledge Processing Systems in the Context of Big Data and Cloud Platforms}},
    year = {2017},
    journal = {2017 28th International Workshop on Database and Expert Systems Applications (DEXA)},
    author = {Nadschlager, Stefan},
    pages = {47--51},
    url = {http://ieeexplore.ieee.org/document/8049684/},
    isbn = {978-1-5386-1051-0},
    doi = {10.1109/DEXA.2017.26}
}

@inproceedings{Nadschlager2017b,
    title = {{Introducing Design Patterns to Knowledge Processing Systems in the Context of Big Data and Cloud Platforms}},
    year = {2017},
    booktitle = {2017 28th International Workshop on Database and Expert Systems Applications (DEXA)},
    author = {Nadschlager, Stefan},
    isbn = {978-1-5386-1051-0},
    doi = {10.1109/DEXA.2017.26}
}

@article{InternationalOrganizationOfStandardization2011,
    title = {{ISO/IEC/IEEE 42010:2011 - Systems and software engineering -- Architecture description}},
    year = {2011},
    journal = {ISOIECIEEE 420102011E Revision of ISOIEC 420102007 and IEEE Std 14712000},
    author = {{International Organization Of Standardization}},
    number = {March},
    pages = {1--46},
    volume = {2011},
    url = {http://ieeexplore.ieee.org/xpl/articleDetails.jsp?tp=&arnumber=6129467&contentType=Standards&sortType=asc_p_Sequence&filter=AND(p_Publication_Number:6129465)},
    isbn = {9780738171425},
    doi = {10.1109/IEEESTD.2011.6129467}
}

@article{InternationalOrganizationOfStandardization2011b,
    title = {{ISO/IEC/IEEE 42010:2011 - Systems and software engineering -- Architecture description}},
    year = {2011},
    journal = {ISOIECIEEE 420102011E Revision of ISOIEC 420102007 and IEEE Std 14712000},
    author = {{International Organization Of Standardization}},
    number = {March},
    pages = {1--46},
    volume = {2011},
    url = {http://ieeexplore.ieee.org/xpl/articleDetails.jsp?tp=&arnumber=6129467&contentType=Standards&sortType=asc_p_Sequence&filter=AND(p_Publication_Number:6129465)},
    isbn = {9780738171425},
    doi = {10.1109/IEEESTD.2011.6129467}
}

@article{IEEE_Std_12207_2008,
    title = {{ISO/IEC/IEEE International Standard - Systems and software engineering -- Software life cycle processes - Redline}},
    year = {2008},
    journal = {ISO/IEC 12207:2008(E) IEEE Std 12207-2008 - Redline},
    month = {1},
    pages = {1--195},
    keywords = {12207-2008, Formal verification, IEC standards, IEEE standards, ISO standards, ISO/IEC 12207:1995, ISO/IEC 15288:2002, ISO/IEC 15504-2, Product life cycle management, Quality assurance, Software maintenance, acquisition, agreement, assessment, audit, configuration management, development, disposal, firmware, international standard, maintenance, operation, process assessment, process capability assessment, process improvement, process reference model, quality assurance, retirement, software engineering, software industry, software life cycle processes, software products, software services, software standards, supply, validation, verification}
}

@inproceedings{1231456,
    title = {{It's more than just toys and food: leading agile development in an enterprise-class start-up}},
    year = {2003},
    booktitle = {Proceedings of the Agile Development Conference, 2003. ADC 2003},
    author = {Blotner, J A},
    pages = {81--91},
    doi = {10.1109/ADC.2003.1231456},
    keywords = {customer satisfaction;product development;software}
}

@article{He,
    title = {{Keyword Search for Building Service-Based Systems}},
    year = {2017},
    journal = {IEEE Transactions on Software Engineering},
    author = {He, Qiang and Zhou, Rui and Zhang, Xuyun and Wang, Yanchun and Ye, Dayong and Chen, Feifei and Grundy, John and Yang, Yun},
    number = {c},
    pages = {1--1},
    volume = {5589},
    url = {http://ieeexplore.ieee.org/document/7731135/},
    doi = {10.1109/TSE.2016.2624293},
    issn = {0098-5589},
    keywords = {based, search for building service}
}

@article{Fayyad1996b,
    title = {{Knowledge Discovery and Data Mining: Towards a Unifying Framework.}},
    year = {1996},
    journal = {Int Conf on Knowledge Discovery and Data Mining},
    author = {Fayyad, UM and Piatetsky-Shapiro, G and Smyth, P},
    isbn = {1-57735-004-9},
    doi = {10.1.1.27.363}
}

@article{Mon,
    title = {{Lean Startup}},
    author = {Cavalcante, Públio}
}

@article{Sherman2018148,
    title = {{Leveraging organizational climate theory for understanding industry-academia collaboration}},
    year = {2018},
    journal = {Information and Software Technology},
    author = {Sherman, S and Hadar, I and Luria, G},
    pages = {148--160},
    volume = {98},
    url = {https://www.scopus.com/inward/record.uri?eid=2-s2.0-85039720577&doi=10.1016%2Fj.infsof.2017.12.006&partnerID=40&md5=e6a989a805b55e695a19cc477a94faea},
    doi = {10.1016/j.infsof.2017.12.006},
    keywords = {Effective management, Effective management; Empirical research; Empiric, Empiric, Empirical research, Information systems, Software engineering}
}

@article{Tavakol2011,
    title = {{Making sense of Cronbach's alpha}},
    year = {2011},
    journal = {International journal of medical education},
    author = {Tavakol, Mohsen and Dennick, Reg},
    pages = {53--55},
    volume = {2},
    isbn = {2042-6372},
    doi = {10.5116/ijme.4dfb.8dfd},
    issn = {20426372},
    pmid = {898889039},
    arxivId = {2042-6372}
}

@article{Kautz1999,
    title = {{Making Sense of Measurements for Small Organizations}},
    year = {1999},
    journal = {IEEE Software},
    author = {Kautz, Karlheinz},
    number = {2},
    pages = {14--20},
    volume = {16},
    doi = {10.1109/52.754047},
    issn = {07407459}
}

@article{Angrist2015,
    title = {{Measuring Metrics}},
    year = {2015},
    author = {Angrist, Joshua and Pischke, Jorn-Steffen},
    pages = {429--437},
    url = {https://read.amazon.in/},
    isbn = {9781450340731},
    keywords = {measurement, online experimentation, quality, search metrics}
}

@inproceedings{6005829,
    title = {{Message from the Conference Chairs}},
    year = {2011},
    booktitle = {2011 Agile Conference},
    pages = {ix-ix},
    doi = {10.1109/AGILE.2011.4}
}

@book{noblit1988meta,
    title = {{Meta-ethnography: Synthesizing qualitative studies}},
    year = {1988},
    author = {Noblit, George W and Hare, R Dwight and Hare, R D},
    volume = {11},
    publisher = {sage}
}

@article{Grable1999,
    title = {{Metrics for Small Projects: Experiences at the SED}},
    year = {1999},
    journal = {IEEE Software},
    author = {Grable, Ross and Jernigan, Jacquelyn and Pogue, Casey and Divis, Dale},
    number = {2},
    pages = {21--28},
    volume = {16},
    isbn = {9780470049167},
    doi = {10.1109/52.754048},
    issn = {07407459}
}

@article{Rosenberg1994,
    title = {{Metrics in software process assessment, quality assurance and risk assessment}},
    year = {1994},
    journal = {Software Metrics Symposium, 1994., Proceedings of the Second International},
    author = {Rosenberg, L H and Sheppard, S B},
    pages = {10--16},
    url = {http://link.springer.com/10.1007/978-3-642-38833-0_20},
    isbn = {0818658657},
    doi = {10.1109/METRIC.1994.344233},
    keywords = {NASA environment, analysis methodology, data colle}
}

@article{Thones2015,
    title = {{Microservices}},
    year = {2015},
    journal = {IEEE Software},
    author = {Th{\"{o}}nes, Johannes},
    number = {1},
    volume = {32},
    isbn = {9781467372848},
    doi = {10.1109/MS.2015.11},
    issn = {07407459},
    keywords = {SE Radio, architecture, enterprise service bus, http, microservice, service-oriented architecture, software engineering}
}

@inproceedings{6088181,
    title = {{Model-driven security for Web services in e-Government system: Ideal and real}},
    year = {2011},
    booktitle = {2011 7th International Conference on Next Generation Web Services Practices},
    author = {Ma, Z and Wagner, C and Bleier, T},
    pages = {221--226},
    doi = {10.1109/NWeSP.2011.6088181},
    keywords = {Web services;government data processing;security o}
}

@article{Schlingloff2005,
    title = {{Modeling and model checking web services}},
    year = {2005},
    journal = {Electronic Notes in Theoretical Computer Science},
    author = {Schlingloff, Holger and Martens, Axel and Schmidt, Karsten},
    pages = {3--26},
    volume = {126},
    publisher = {Elsevier B.V.},
    url = {http://dx.doi.org/10.1016/j.entcs.2004.11.011},
    doi = {10.1016/j.entcs.2004.11.011},
    issn = {15710661},
    keywords = {Alternating Temporal Logic, BPEL4WS, Model Checking, Service Oriented Architecture, Web Service, Workflow module}
}

@article{Upadhyay2014,
    title = {{Modeling Software Maintainability and Quality Assurance in the Agile Environment}},
    year = {2014},
    author = {Upadhyay, Priyanka and Singh, Abhishek and Garg, Naveen and Pradesh, Uttar},
    number = {3},
    pages = {83--90},
    volume = {7},
    keywords = {agile environment, software maintainability, software quality assurance}
}

@article{Sharp2009219,
    title = {{Models of motivation in software engineering}},
    year = {2009},
    journal = {Information and Software Technology},
    author = {Sharp, H and Baddoo, N and Beecham, S and Hall, T and Robinson, H},
    number = {1},
    pages = {219--233},
    volume = {51},
    doi = {10.1016/j.infsof.2008.05.009},
    keywords = {Engineering, Human engineering, Human factors, Job characteristics, Key success factors, Literature reviews, Models, Motivation, New models, Project management, Software engineering, Software projects, Systematic literature review}
}

@article{Beecham2008860,
    title = {{Motivation in Software Engineering: A systematic literature review}},
    year = {2008},
    journal = {Information and Software Technology},
    author = {Beecham, S and Baddoo, N and Hall, T and Robinson, H and Sharp, H},
    number = {9-10},
    pages = {860--878},
    volume = {50},
    url = {https://www.scopus.com/inward/record.uri?eid=2-s2.0-44649089325&doi=10.1016%2Fj.infsof.2007.09.004&partnerID=40&md5=59da04592598a2e3376e0feabb1146a2},
    doi = {10.1016/j.infsof.2007.09.004},
    keywords = {Knowledge acquisition, Mathematical models, Motivation, Occupational groups, Personality, Problem solving, Software engineering, Systematic literature review}
}

@misc{terrilbret2008,
    title = {{My Coverage of Lobby of the Social Gaming Summit}},
    year = {2008},
    author = {Terril, Bret},
    month = {6},
    url = {http://www.bretterrill.com/2008/06/my-coverage-of-lobby-of-social-gaming.html}
}

@article{Schneideind1993,
    title = {{Ne Softare-Quality Metrics Methodology Standard fills measurement need}},
    year = {1993},
    journal = {Computer},
    author = {Schneideind, Norman F.},
    number = {4},
    pages = {105--106},
    volume = {26},
    isbn = {0018-9162},
    doi = {10.1109/2.206549},
    issn = {00189162}
}

@inproceedings{abrahamsson2003new,
    title = {{New directions on agile methods: a comparative analysis}},
    year = {2003},
    booktitle = {25th International Conference on Software Engineering, 2003. Proceedings.},
    author = {Abrahamsson, P and Warsta, J and Siponen, M T and Ronkainen, J},
    pages = {244--254},
    doi = {10.1109/ICSE.2003.1201204},
    issn = {0270-5257},
    keywords = {Application software, Computer industry, Feedback, Information analysis, Information processing, Internet, Lenses, Performance analysis, Programming, Project management, agile software development methods, comparative analysis, project management support, software development life-cycle, software engineering}
}

@misc{author,
    title = {{No Title}}
}

@misc{authorb,
    title = {{No Title}}
}

@misc{authorc,
    title = {{No Title}}
}

@misc{authord,
    title = {{No Title}}
}

@misc{authore,
    title = {{No Title}}
}

@inproceedings{4747489,
    title = {{Notice of Violation of IEEE Publication Principles Spatial data based on SOA}},
    year = {2008},
    booktitle = {2008 50th International Symposium ELMAR},
    author = {Muracevic, D and Orucevic, F},
    pages = {277--280},
    volume = {1},
    issn = {1334-2630},
    keywords = {Web services;business data processing;management i}
}

@article{Tsai2008,
    title = {{On testing and evaluating service-oriented software}},
    year = {2008},
    journal = {Computer},
    author = {Tsai, Wei Tek and Zhou, Xinyu and Chen, Yinong and Bai, Xiaoying},
    number = {8},
    pages = {40--46},
    volume = {41},
    isbn = {0018-9162},
    doi = {10.1109/MC.2008.304},
    issn = {00189162},
    keywords = {Computational modeling, Reliability, Security, Service oriented architecture, Software, Test case design, Test case ranking, Test case selection, Testing, Verification, Web services}
}

@article{Kohavi2015,
    title = {{Online Controlled Experiments: Lessons from Running A/B/n Tests for 12 Years}},
    year = {2015},
    journal = {Knowledge Discovery and Data Mining},
    author = {Kohavi, Ron},
    pages = {1},
    isbn = {9781450336642},
    doi = {10.1145/2783258.2785464},
    keywords = {A/B testing, Controlled experiments, Design, Experimentation, Measurement, online experiments}
}

@inproceedings{7175959,
    title = {{Online platform to support business analysis and Process Optimization in transportation organizations}},
    year = {2015},
    booktitle = {2015 IEEE 2nd International Conference on Cybernetics (CYBCONF)},
    author = {Ko{\l}aczek, G and {\'{S}}wi{\c{a}}tek, P and Grzech, A and Juszczyszyn, K and Stelmach, P and Falas, Ł and S{\l}awek, A and Schauer, P},
    pages = {354--359},
    doi = {10.1109/CYBConf.2015.7175959},
    keywords = {Internet;business data processing;decision support}
}

@inproceedings{7140329,
    title = {{Ontology integration for advanced manufacturing collaboration in cloud platforms}},
    year = {2015},
    booktitle = {2015 IFIP/IEEE International Symposium on Integrated Network Management (IM)},
    author = {Ramisetty, S and Calyam, P and Cecil, J and Akula, A R and Antequera, R B and Leto, R},
    pages = {504--510},
    doi = {10.1109/INM.2015.7140329},
    issn = {1573-0077},
    keywords = {Web services;cloud computing;manufacturing systems}
}

@inproceedings{7961888,
    title = {{OpenAffect API: A Proposal for Enabling an Ecosystem of Emotion Awareness Tools}},
    year = {2017},
    booktitle = {2017 IEEE/ACM 2nd International Workshop on Emotion Awareness in Software Engineering (SEmotion)},
    author = {Liechti, O and Reis, R},
    pages = {26--27},
    doi = {10.1109/SEmotion.2017.9},
    keywords = {application program interfaces;human factors;progr}
}

@article{Martens2009,
    title = {{Optimising multiple quality criteria of service-oriented software architectures}},
    year = {2009},
    journal = {Proceedings of the 1st international workshop on Quality of service-oriented software systems - QUASOSS '09},
    author = {Martens, Anne and Brosch, Franz and Reussner, Ralf},
    pages = {25},
    url = {http://portal.acm.org/citation.cfm?doid=1596473.1596481},
    isbn = {9781605587097},
    doi = {10.1145/1596473.1596481},
    keywords = {all or part of, optimisation, or hard copies of, performance, permission to make digital, quality attribute prediction, reliability, software architecture, this work for}
}

@inproceedings{4031636,
    title = {{Orchestrating Computing Objects Using Web-Services Technologies - An Intel IT Proof of Concept (POC)}},
    year = {2006},
    booktitle = {2006 IEEE International Conference on e-Business Engineering (ICEBE'06)},
    author = {Yohanan, G and Hahn-Steichen, J and Hobbs, J and He, J},
    pages = {78--85},
    doi = {10.1109/ICEBE.2006.77},
    keywords = {DP industry;DP management;Web services;meta data;o}
}

@article{KIRILO2018608,
    title = {{Organizational Climate Assessment Using the Paraconsistent Decision Method}},
    year = {2018},
    journal = {Procedia Computer Science},
    author = {Kirilo, Caique Z and Abe, Jair M and de Lima, Luiz A and Lozano, Luiz Carlos Machi and Nogueira, Marcelo and de Oliveira, Cristina Correa and Nakamatsu, Kazumi},
    pages = {608--618},
    volume = {131},
    url = {http://www.sciencedirect.com/science/article/pii/S1877050918306835},
    doi = {https://doi.org/10.1016/j.procs.2018.04.303},
    issn = {1877-0509},
    keywords = {Organizational Climate, Paraconsistent Annotated Logic Evidential E{$\tau$}, Paraconsistent Decision Method}
}

@article{Fortunato2017QA_RELETED_PAPERS,
    title = {{P APER RELATED WORKS}},
    year = {2015},
    number = {3},
    pages = {2015},
    volume = {4}
}

@article{Zanoni2014,
    title = {{Pattern detection for conceptual schema recovery in data-intensive systems}},
    year = {2014},
    journal = {Journal of Software: Evolution and Process},
    author = {Zanoni, Marco and Perin, Fabrizio and Fontana, Francesca Arcelli and Viscusi, Gianluigi},
    number = {12},
    pages = {1172--1192},
    volume = {26},
    isbn = {9781450330565},
    doi = {10.1002/smr},
    issn = {20477481},
    pmid = {67195556},
    arxivId = {1408.1293},
    keywords = {Conceptual schema, Design pattern detection, Object-relational mapping, Reverse engineering}
}

@article{Zanoni2014a,
    title = {{Pattern detection for conceptual schema recovery in data-intensive systems}},
    year = {2014},
    journal = {Journal of Software: Evolution and Process},
    author = {Zanoni, Marco and Perin, Fabrizio and Fontana, Francesca Arcelli and Viscusi, Gianluigi},
    number = {12},
    pages = {1172--1192},
    volume = {26},
    isbn = {9781450330565},
    doi = {10.1002/smr},
    issn = {20477481},
    pmid = {67195556},
    arxivId = {1408.1293},
    keywords = {Conceptual schema, Design pattern detection, Object-relational mapping, Reverse engineering}
}

@article{Hachicha2016,
    title = {{Performance assessment architecture for collaborative business processes in BPM-SOA-based environment}},
    year = {2016},
    journal = {Data and Knowledge Engineering},
    author = {Hachicha, Maroua and Fahad, Muhammad and Moalla, Néjib and Ouzrout, Yacine},
    pages = {73--89},
    volume = {105},
    publisher = {Elsevier B.V.},
    url = {http://dx.doi.org/10.1016/j.datak.2015.12.002},
    isbn = {0169-023X},
    doi = {10.1016/j.datak.2015.12.002},
    issn = {0169023X},
    keywords = {Assessment, Collaborative business process, Execution traces, Ontology, Process mining}
}

@article{pernici2008survey,
    title = {{PO-JRA-1.3.1-Survey of Quality Related Aspects Relevant for Service-based Applications}},
    year = {2008},
    journal = {Portal},
    author = {Salima Benbernou (UCB), Ivona Brandic (TUW), Manuel Carro (UPM), Marco Comuzzi (Polimi), Elisabetta Di Nitto (Polimi), Maha Driss (INRIA), Julia Hielscher (UniDue), Raman Kazhamiakin (FBK), Gabor Kecskemeti (SZTAKI), Attila Kertesz (SZTAKI) and Kritikos, Kyriakos and (UOC), Andreas Metzger (UniDue), Hassina Meziane (UCBL), Andrea Mocci (Polimi), Barbara Pernici (Polimi), Pierluigi Plebani (Polimi), Sagar Sen (INRIA) and Fabrizio Silvestri (CNR), Branimir Wetzstein and {(USTUTT)}},
    volume = {215483},
    language = {english}
}

@article{Fan1994,
    title = {{Prescriptive metrics for software quality assurance}},
    year = {1994},
    journal = {Proceedings of 1st AsiaPacific Software Engineering Conference},
    author = {Fan, Chin-Feng Fan Chin-Feng and Yih, Swu Yih Swu},
    pages = {430--438},
    isbn = {0818669608},
    keywords = {engineering task support;general derivation proced}
}

@misc{papazoglou2006principles,
    title = {{Principles and Foundations of Web Services: A holistic view}},
    year = {2006},
    author = {Papazoglou, M P},
    publisher = {Addison-Wesley, to appear}
}

@article{Machmouchi2016,
    title = {{Principles for the Design of Online A/B Metrics}},
    year = {2016},
    journal = {Proceedings of the 39th International ACM SIGIR conference on Research and Development in Information Retrieval - SIGIR '16},
    author = {Machmouchi, Widad and Buscher, Georg},
    pages = {589--590},
    url = {http://dl.acm.org/citation.cfm?doid=2911451.2926731},
    isbn = {9781450340694},
    doi = {10.1145/2911451.2926731}
}

@article{Kitchenham2004,
    title = {{Procedures for performing systematic reviews}},
    year = {2004},
    journal = {Keele, UK, Keele University},
    author = {Kitchenham, Barbara},
    number = {TR/SE-0401},
    pages = {28},
    volume = {33},
    url = {http://csnotes.upm.edu.my/kelasmaya/pgkm20910.nsf/0/715071a8011d4c2f482577a700386d3a/$FILE/10.1.1.122.3308[1].pdf%5Cnhttp://tests-zingarelli.googlecode.com/svn-history/r336/trunk/2-Disciplinas/MetodPesquisa/kitchenham_2004.pdf},
    isbn = {1353-7776},
    doi = {10.1.1.122.3308},
    issn = {13537776},
    pmid = {15046037},
    arxivId = {339:b2535}
}

@article{Lane2011,
    title = {{Process models for service-based applications: A systematic literature review}},
    year = {2011},
    journal = {Information and Software Technology},
    author = {Lane, Stephen and Richardson, Ita},
    number = {5},
    pages = {424--439},
    volume = {53},
    publisher = {Elsevier B.V.},
    url = {http://dx.doi.org/10.1016/j.infsof.2010.12.005},
    isbn = {0950-5849},
    doi = {10.1016/j.infsof.2010.12.005},
    issn = {09505849},
    keywords = {SOA, Service-based application, Software process, Systematic literature review}
}

@article{Tsai20108479,
    title = {{Programmer perceptions of knowledge-sharing behavior under social cognitive theory}},
    year = {2010},
    journal = {Expert Systems with Applications},
    author = {Tsai, M T and Cheng, N C},
    number = {12},
    pages = {8479--8485},
    volume = {37},
    url = {https://www.scopus.com/inward/record.uri?eid=2-s2.0-77957847518&doi=10.1016%2Fj.eswa.2010.05.029&partnerID=40&md5=aa3a3776b3bd66eb21ec62e4f9d20c5b},
    doi = {10.1016/j.eswa.2010.05.029},
    keywords = {Behavior, Behavioral research, Factor analysis, Information management, Intention, Knowledge management, Knowledge-sharing, Organizational climate, Self efficacy, Social cognitive theory, Software engineering, Software testing}
}

@techreport{beecham2006protocol,
    title = {{Protocol for a systematic literature review of motivation in software engineering}},
    year = {2006},
    author = {Beecham, Sarah and Baddoo, Nathan and Hall, Tracy and Robinson, Hugh and Sharp, Helen},
    institution = {University of Hertfordshire}
}

@inproceedings{5552782,
    title = {{QoS-based Late-Binding of Service Invocations in Adaptive Business Processes}},
    year = {2010},
    booktitle = {2010 IEEE International Conference on Web Services},
    author = {Ch{\^{a}}tel, P and Malenfant, J and Truck, I},
    pages = {227--234},
    doi = {10.1109/ICWS.2010.74},
    keywords = {Web services;business process re-engineering;forma}
}

@article{Ma2013,
    title = {{QoS-driven service composition with reconfigurable services}},
    year = {2013},
    journal = {IEEE Transactions on Services Computing},
    author = {Ma, Hui and Bastani, Favyen and Yen, I. Ling and Mei, Hong},
    number = {1},
    pages = {20--34},
    volume = {6},
    doi = {10.1109/TSC.2011.21},
    issn = {19391374},
    keywords = {Service-oriented architecture, quality of service (QoS), reconfigurable services, service composition}
}

@article{Galster2012,
    title = {{Qualitative analysis of the impact of SOA patterns on quality attributes}},
    year = {2012},
    journal = {Proceedings - International Conference on Quality Software},
    author = {Galster, Matthias and Avgeriou, Paris},
    pages = {167--170},
    isbn = {9780769548333},
    doi = {10.1109/QSIC.2012.35},
    issn = {15506002}
}

@article{Agarwal2014,
    title = {{Quality assurance for Product development using Agile}},
    year = {2014},
    journal = {International Conference on Reliability Optimization and Information Technology (ICROIT)},
    author = {Agarwal, Anil and Garg, N K and Jain, Avirag},
    pages = {44--47},
    isbn = {978-1-4799-2995-5},
    doi = {10.1109/ICROIT.2014.6798281},
    keywords = {4 international conference on, development, feb 6-8 2014, icroit 2014, india, optimization and information technology, quality assurance for product, reliability}
}

@inproceedings{Fortunato2017QA,
    title = {{Quality Assurance in Agile Software Development: A Systematic Review}},
    year = {2017},
    booktitle = {AGILE METHODS, WBMA 2016},
    author = {Fortunato, Carlos Alberto and Furtado, Felipe and Selleri, Fernando and de Farias Junior, Ivaldir and Leitao Junior, Nelson},
    editor = {DaSilva, TS and Estacio, B and Kroll, J and Fontana, RM},
    pages = {142--148},
    series = {Communications in Computer and Information Science},
    volume = {680},
    publisher = {SPRINGER INTERNATIONAL PUBLISHING AG},
    organization = {Araucaria Fdn; Natl Council Sci {\&} Technol Dev; Fed Univ Parana; Fed Univ of Sao Paulo; Pontifical Univ Catholic Rio Grande Sul},
    address = {GEWERBESTRASSE 11, CHAM, CH-6330, SWITZERLAND},
    isbn = {978-3-319-55907-0; 978-3-319-55906-3},
    doi = {10.1007/978-3-319-55907-0{\_}14},
    issn = {1865-0929},
    keywords = {Agile practices, Agile software development, Quality assurance}
}

@article{Bhasin2012,
    title = {{Quality assurance in agile: A study towards achieving excellence}},
    year = {2012},
    journal = {Proceedings - Agile India 2012, AgileIndia 2012},
    author = {Bhasin, Sonali},
    pages = {64--67},
    isbn = {9780769546575},
    doi = {10.1109/AgileIndia.2012.18},
    keywords = {agile software development, quality assurance (QA), scrum}
}

@article{Mcheick2012,
    title = {{Quality attributes and design decisions in Service-Oriented Computing}},
    year = {2012},
    journal = {2012 International Conference on Innovations in Information Technology (IIT)},
    author = {Mcheick, Hamid and Qi, Yan},
    pages = {283--287},
    url = {http://ieeexplore.ieee.org/lpdocs/epic03/wrapper.htm?arnumber=6207749},
    isbn = {978-1-4673-1101-4},
    doi = {10.1109/INNOVATIONS.2012.6207749}
}

@article{Baylov2015,
    title = {{Quality Characteristics for Service Oriented Architectures}},
    year = {2015},
    journal = {Proceedings of the 2015 European Conference on Software Architecture Workshops - ECSAW '15},
    author = {Baylov, Krasimir and Dimov, Aleksandar},
    pages = {1--5},
    url = {http://dl.acm.org/citation.cfm?doid=2797433.2797488},
    isbn = {9781450333931},
    doi = {10.1145/2797433.2797488},
    keywords = {architecture decision, characteristics, quality, quality of service, service oriented architecture}
}

@article{Ambler2005,
    title = {{Quality in an Agile World}},
    year = {2005},
    journal = {Sqp},
    author = {Ambler, Scott},
    number = {4},
    pages = {34--40},
    volume = {7},
    url = {http://www.ambysoft.com/downloads/agileQuality.pdf},
    isbn = {0260-2938},
    doi = {10.1080/02602930120082032},
    issn = {0260-2938},
    keywords = {agile model driven development, agile software development, collaborative, development, evolutionary, incremental, iterative development, refac-}
}

@article{Raschella2017,
    title = {{Quality of Service Oriented Access Point Selection Framework for Large Wi-Fi Networks}},
    year = {2017},
    journal = {IEEE Transactions on Network and Service Management},
    author = {Raschell{\`{a}}, A and Bouhafs, F and Seyedebrahimi, M and Mackay, M and Shi, Q},
    number = {2},
    pages = {441--455},
    volume = {14},
    doi = {10.1109/TNSM.2017.2678021},
    issn = {1932-4537},
    keywords = {RSSI, quality of service, radio networks, software de}
}

@inproceedings{Verner20081,
    title = {{Quality software development: What do we need to improve in the software development process?}},
    year = {2008},
    booktitle = {Proceedings - International Conference on Software Engineering},
    author = {Verner, J M},
    pages = {1},
    url = {https://www.scopus.com/inward/record.uri?eid=2-s2.0-57049187241&doi=10.1145%2F1370099.1370100&partnerID=40&md5=1bfb947e48d001fb3000933de021ef29},
    address = {Leipzig},
    doi = {10.1145/1370099.1370100},
    keywords = {Anecdotal evidences; Associated costs; Business d, Budget control; Cobalt; Computer software maintena, Computer software selection and evaluation}
}

@inproceedings{8234464,
    title = {{Rapid realization of executable domain models via automatic code generation}},
    year = {2017},
    booktitle = {2017 IEEE 28th Annual Software Technology Conference (STC)},
    author = {Wang, B and Rosenberg, D and Boehm, B W},
    pages = {1--6},
    doi = {10.1109/STC.2017.8234464},
    keywords = {Unified Modeling Language;application program inte}
}

@article{Rao2013,
    title = {{Rational unified process for service oriented application in extreme programming}},
    year = {2013},
    journal = {2013 Fourth International Conference on Computing, Communications and Networking Technologies (ICCCNT)},
    author = {Rao, G. Sivanageswara and Krishna, C. V. Phani and Rao, K. Rajasekhar},
    pages = {1--6},
    url = {http://ieeexplore.ieee.org/document/6726586/},
    isbn = {978-1-4799-3926-8},
    doi = {10.1109/ICCCNT.2013.6726586},
    keywords = {programming, relational unified, service oriented architecture, software development methods}
}

@article{mackenzie2006reference,
    title = {{Reference model for service oriented architecture 1.0}},
    year = {2006},
    journal = {OASIS standard},
    author = {MacKenzie, C Matthew and Laskey, Ken and McCabe, Francis and Brown, Peter F and Metz, Rebekah and Hamilton, Booz Allen},
    pages = {18},
    volume = {12},
    url = {http://docs.oasis-open.org/soa-rm/v1.0/soa-rm.pdf}
}

@inproceedings{Snijders2015,
    title = {{REfine: A gamified platform for participatory requirements engineering}},
    year = {2015},
    booktitle = {1st International Workshop on Crowd-Based Requirements Engineering, CrowdRE 2015 - Proceedings},
    author = {Snijders, Remco and Dalpiaz, Fabiano and Brinkkemper, Sjaak and Hosseini, Mahmood and Ali, Raian and ??z??m, Atilla},
    isbn = {9781509001132},
    doi = {10.1109/CrowdRE.2015.7367581},
    issn = {9781509001132}
}

@article{wieringa2006requirements,
    title = {{Requirements engineering paper classification and evaluation criteria: a proposal and a discussion}},
    year = {2006},
    journal = {Requirements Engineering},
    author = {Wieringa, Roel and Maiden, Neil and Mead, Nancy and Rolland, Colette},
    number = {1},
    pages = {102--107},
    volume = {11},
    publisher = {Springer}
}

@inproceedings{tian2010research,
    title = {{Research on service identification methods based on SOA}},
    year = {2010},
    booktitle = {2010 3rd International Conference on Advanced Computer Theory and Engineering(ICACTE)},
    author = {Tian, Yonghong and Su, Yila and Zhuang, Xufei},
    pages = {6--27},
    volume = {6},
    doi = {10.1109/ICACTE.2010.5579359},
    issn = {2154-7491},
    keywords = {Analytical models, Computational modeling, IT architecture, Object recognition, Presses, SOA, SOAD, SOMA, Service oriented architecture, heterogeneous information island, information technology, open systems, rational unified process, service encapsulation, service identification, service orientation, service-oriented analysis and design, service-oriented architecture, software architecture, software design, software modeling}
}

@inproceedings{4722112,
    title = {{Research on Service-Oriented Framework of Interface Prototype Driven Development}},
    year = {2008},
    booktitle = {2008 International Conference on Computer Science and Software Engineering},
    author = {Rong, H and Zhou, N and Jin, M and Wu, J},
    pages = {552--557},
    volume = {2},
    doi = {10.1109/CSSE.2008.362},
    keywords = {Web services;application program interfaces;softwa}
}

@inproceedings{tian2011research,
    title = {{Research on the application of cloud computing in e-government}},
    year = {2011},
    booktitle = {2011 International Conference on Computer Science and Service System (CSSS)},
    author = {Tian, Jin},
    pages = {1630--1632},
    doi = {10.1109/CSSS.2011.5973937},
    keywords = {Cloud computing, Economics, Electronic government, Information services, Information technology, cloud computing, cloud computing application, cloud government, e-government, framework, government data processing}
}

@inproceedings{di2011research,
    title = {{Research on the impact of cloud computing trend on E-government framework}},
    year = {2011},
    booktitle = {2011 International Conference on E-Business and E-Government (ICEE)},
    author = {Di, R H and Lv, H and Wang, T and Zhang, X H and Xiao, D M},
    pages = {1--4},
    doi = {10.1109/ICEBEG.2011.5886913},
    keywords = {Architecture;Cloud computing;Computer architecture}
}

@inproceedings{8064148,
    title = {{Resilient Dynamic Data Driven Application Systems as a Service (rDaaS): A Design Overview}},
    year = {2017},
    booktitle = {2017 IEEE 2nd International Workshops on Foundations and Applications of Self* Systems (FAS*W)},
    author = {Hariri, S and Tunc, C and Badr, Y},
    pages = {352--356},
    doi = {10.1109/FAS-W.2017.172},
    keywords = {Internet;Web services;cloud computing;security of}
}

@article{Severance2015,
    title = {{Roy T. Fielding: Understanding the REST Style.}},
    year = {2015},
    journal = {Computer},
    author = {Severance, Charles},
    number = {6},
    pages = {7--9},
    volume = {48},
    issn = {00189162},
    keywords = {COMPUTER architecture, Charles, Computer architecture, Computing Conversations, FIELDING, REPRESENTATIONAL State Transfer (Software architec, REST, Representational state transfer, Roy T., Roy T. Fielding, SEVERANCE, SOFTWARE architecture, software architecture}
}

@article{arsanjani2007s3,
    title = {{S3: A Service-Oriented Reference Architecture}},
    year = {2007},
    journal = {IT Professional},
    author = {Arsanjani, A and Zhang, L and Ellis, M and Allam, A and Channabasavaiah, K},
    number = {3},
    pages = {10--17},
    volume = {9},
    doi = {10.1109/MITP.2007.53},
    issn = {1520-9202},
    keywords = {Context-aware services, Data models, Reference Architecture, SOA Solution Stack (S3), Semiconductor optical amplifiers, Service oriented architecture, Service-Oriented Architecture (SOA), Web Services, architecture validation, capacity planning, interconnected architectures, quality of service, quality-of-service, reusability, service-oriented reference architecture, software architecture, software reusability}
}

@article{Augusto2003,
    title = {{Sa{\'{u}}de e vigil{\^{a}}ncia ambiental: um tema em constru{\c{c}}{\~{a}}o}},
    year = {2003},
    journal = {Epidemiol. serv. sa{\pounds}de},
    author = {Augusto, Lia G S},
    number = {4},
    pages = {177--186},
    volume = {12},
    url = {http://iah.iec.pa.gov.br/iah/fulltext/pc/portal/ess/v12n4/pdf/v12n4a02.pdf},
    isbn = {1679-4974},
    doi = {10.5123/S1679-49742003000400002},
    issn = {1679-4974},
    keywords = {Desenvolvimento Sustent{\'{a}}vel, Humanos, Sa{\'{u}}de Ambiental, Sa{\'{u}}de P{\'{u}}blica, Sistema {\'{U}}nico de Sa{\'{u}}de, Vigil{\^{a}}ncia da Popula{\c{c}}{\~{a}}o}
}

@article{McCarty2007,
    title = {{Segmentation approaches in data-mining: A comparison of RFM, CHAID, and logistic regression}},
    year = {2007},
    journal = {Journal of Business Research},
    author = {McCarty, John A. and Hastak, Manoj},
    isbn = {0148-2963},
    doi = {10.1016/j.jbusres.2006.06.015},
    issn = {01482963},
    keywords = {Analytical procedures, CHAID, Data-mining, Database marketing, RFM}
}

@article{ryan2000self,
    title = {{Self-determination theory and the facilitation of intrinsic motivation, social development, and well-being.}},
    year = {2000},
    journal = {American psychologist},
    author = {Ryan, Richard M and Deci, Edward L},
    number = {1},
    pages = {68},
    volume = {55},
    publisher = {American Psychological Association}
}

@article{Kourtesis2014,
    title = {{Semantic-based QoS management in cloud systems: Current status and future challenges}},
    year = {2014},
    journal = {Future Generation Computer Systems},
    author = {Kourtesis, Dimitrios and Alvarez-Rodr{\'{i}}guez, Jose María and Paraskakis, Iraklis},
    number = {1},
    month = {3},
    pages = {307--323},
    volume = {32},
    publisher = {North-Holland},
    url = {http://www.sciencedirect.com.ez54.periodicos.capes.gov.br/science/article/pii/S0167739X1300232X?via%3Dihub},
    isbn = {0167-739X},
    doi = {10.1016/j.future.2013.10.015},
    issn = {0167739X},
    keywords = {Big data, Cloud systems, Linked data, Ontologies, Quality of service, Semantics, Sensor data, Service oriented architectures}
}

@inproceedings{4725963,
    title = {{Semantic-Enabled and Agent-based Environment Aware Agile Service Utilities}},
    year = {2008},
    booktitle = {2008 Fourth International Conference on Semantics, Knowledge and Grid},
    author = {Chen, L and Stankovski, V and Shi, Z and Watson, P},
    pages = {461--464},
    doi = {10.1109/SKG.2008.109},
    keywords = {Web services;software architecture;agent-based env}
}

@inproceedings{6525528,
    title = {{Service Agile Development Using XP}},
    year = {2013},
    booktitle = {2013 IEEE Seventh International Symposium on Service-Oriented System Engineering},
    author = {Carvalho, F and Azevedo, L G},
    pages = {254--259},
    doi = {10.1109/SOSE.2013.25},
    keywords = {program testing;service-oriented architecture;soft}
}

@article{Carvalho2013,
    title = {{Service agile development using XP}},
    year = {2013},
    journal = {Proceedings - 2013 IEEE 7th International Symposium on Service-Oriented System Engineering, SOSE 2013},
    author = {Carvalho, Felipe and Azevedo, Leonardo Guerreiro},
    pages = {254--259},
    isbn = {9780769549446},
    doi = {10.1109/SOSE.2013.25},
    keywords = {Extreme programming, SOA, Service development methods},
    language = {english}
}

@inproceedings{5254223,
    title = {{Service Identification via Ontology Mapping}},
    year = {2009},
    booktitle = {2009 33rd Annual IEEE International Computer Software and Applications Conference},
    author = {Chen, F and Zhang, Z and Li, J and Kang, J and Yang, H},
    pages = {486--491},
    volume = {1},
    doi = {10.1109/COMPSAC.2009.71},
    issn = {0730-3157},
    keywords = {Web services;ontologies (artificial intelligence);}
}

@inproceedings{7033339,
    title = {{Service Oriented Layered Approach for E-Governance System Implementation}},
    year = {2014},
    booktitle = {2014 International Conference on Information Technology},
    author = {Das, R K and Patnaik, S and Padhy, A K and Mohini, C},
    pages = {293--298},
    doi = {10.1109/ICIT.2014.38},
    keywords = {Web services;formal specification;government data}
}

@inproceedings{krogdahl2005service,
    title = {{Service-oriented agility: an initial analysis for the use of agile methods for SOA development}},
    year = {2005},
    booktitle = {2005 IEEE International Conference on Services Computing (SCC'05) Vol-1},
    author = {Krogdahl, P and Luef, G and Steindl, C},
    pages = {93--100},
    volume = {2},
    doi = {10.1109/SCC.2005.86},
    keywords = {business data processing, formal specification, soft},
    language = {english}
}

@article{Welke2011,
    title = {{Service-oriented architecture maturity}},
    year = {2011},
    journal = {Computer},
    author = {Welke, Richard and Hirschheim, Rudy and Schwarz, Andrew},
    number = {2},
    pages = {61--67},
    volume = {44},
    isbn = {0018-9162},
    doi = {10.1109/MC.2011.56},
    issn = {00189162},
    keywords = {Information technology, Service-oriented architecture}
}

@book{erl2005service,
    title = {{Service-oriented architecture: concepts, technology, and design}},
    year = {2005},
    author = {Erl, Thomas},
    publisher = {Pearson Education India}
}

@article{Comerio2010,
    title = {{Service-oriented data quality engineering and data publishing in the cloud}},
    year = {2010},
    journal = {2010 IEEE International Conference on Service-Oriented Computing and Applications (SOCA)},
    author = {Comerio, Marco and Truong, Hong-Linh and Batini, Carlo and Dustdar, Schahram},
    pages = {1--6},
    url = {http://ieeexplore.ieee.org/document/5707184/},
    isbn = {978-1-4244-9802-4},
    doi = {10.1109/SOCA.2010.5707184},
    issn = {2163-2871},
    keywords = {-data quality engineering, cloud computing, crowdsourcing, data-as-a-service, software-as-a-service}
}

@article{papazoglou2006service,
    title = {{Service-oriented design and development methodology}},
    year = {2006},
    journal = {International Journal of Web Engineering and Technology (IJWET)},
    author = {Papazoglou, Michael P and Van Den Heuvel, Willem-Jan},
    number = {4},
    pages = {412--442},
    volume = {2}
}

@inproceedings{ArsanjaniSOMA2006,
    title = {{Service-Oriented Modeling and Architecture for Realization of an SOA}},
    year = {2006},
    booktitle = {2006 IEEE International Conference on Services Computing (SCC'06)},
    author = {Arsanjani, A and Allam, A},
    pages = {521},
    doi = {10.1109/SCC.2006.93},
    keywords = {Data security, Delay, Filters, Investments, Logic, Pain, SOA, Semiconductor optical amplifiers, Service oriented architecture, Testing, Web services, service oriented modeling architecture, ubiquitous computing}
}

@article{MinisteriodaSaude2003,
    title = {{Sistema Nacional de Vigil{\^{a}}ncia Ambiental de Sa{\'{u}}de}},
    year = {2003},
    journal = {Ministerio da Saude},
    author = {{Minist{\'{e}}rio da Sa{\'{u}}de}},
    pages = {1--32},
    volume = {1}
}

@article{Baresi2004,
    title = {{Smart Monitors for Composed Services}},
    year = {2004},
    journal = {International Conference On Service Oriented Computing},
    author = {Baresi, Luciano and Ghezzi, Carlo and Guinea, Sam},
    pages = {193},
    url = {http://portal.acm.org/citation.cfm?id=1035195},
    isbn = {1581138717},
    doi = {10.1145/1035167.1035195},
    keywords = {.NET, BPEL, composition, exception handling, functional requirements, monitoring, pre- and post-conditions, quality of service, web services, xlinkIt}
}

@inproceedings{5549676,
    title = {{SOA at device level in the industrial domain: Assessment of OPC UA and DPWS specifications}},
    year = {2010},
    booktitle = {2010 8th IEEE International Conference on Industrial Informatics},
    author = {C{\^{a}}ndido, G and Jammes, F and de Oliveira, J B and Colombo, A W},
    pages = {598--603},
    doi = {10.1109/INDIN.2010.5549676},
    issn = {1935-4576},
    keywords = {Web services;formal specification;production engin}
}

@book{erl2012soa,
    title = {{SOA with REST: Principles, Patterns {\&}Constraints for Building Enterprise Solutions with REST}},
    year = {2012},
    author = {Erl, Thomas and Carlyle, Benjamin and Pautasso, Cesare and Balasubramanian, Raj},
    publisher = {Prentice Hall Press}
}

@book{erl2008soa,
    title = {{Soa: principles of service design}},
    year = {2008},
    author = {Erl, Thomas},
    volume = {1},
    publisher = {Prentice Hall Upper Saddle River},
    language = {english}
}

@article{Bache1988,
    title = {{Softare Quality Assurance, A Rigorous Engineering Practice}},
    year = {1988},
    journal = {Software Engineering, 1988 Software Engineering 88., Second IEE/BCS Conference:},
    author = {Bache, R and Fenton, N E and Tinker, R and Whitty, R W},
    pages = {3--7},
    isbn = {VO -},
    keywords = {engineering quality, quality control, software engineering, software measurement, software quality assurance, software reliability}
}

@book{bass2007software,
    title = {{Software architecture in practice}},
    year = {2007},
    author = {Bass, Len},
    publisher = {Pearson Education India},
    language = {english}
}

@article{Sullivan2004,
    title = {{Software Assurance by Bounded Exhaustive Testing}},
    year = {2004},
    journal = {ACM SIGSOFT Software Engineering Notes},
    author = {Sullivan, Kevin and Yang, Jinlin and Coppit, David and Khurshid, Sarfraz and Jackson, Daniel},
    pages = {133--142},
    volume = {29},
    isbn = {1581138202},
    keywords = {automated, bounded exhaustive testing, formal methods, reverse engineering, specification-based testing, test case generation, testera}
}

@article{Ghani20163925,
    title = {{Software climate change and its disruptive weather: A potential shift from “software engineering” to vibrant/dynamic softology}},
    year = {2016},
    journal = {KSII Transactions on Internet and Information Systems},
    author = {Ghani, I and Jeong, S R},
    number = {8},
    pages = {3925--3942},
    volume = {10},
    url = {https://www.scopus.com/inward/record.uri?eid=2-s2.0-84984878669&doi=10.3837%2Ftiis.2016.08.027&partnerID=40&md5=19d12424640a1949c509ebce7bf238a7},
    doi = {10.3837/tiis.2016.08.027},
    keywords = {Climate change, Climate shifts, Earth (planet), Natural weathers, Planet earth, Potential shift, Softology, Software design, Software development approach, Software development environment, Software engineering, Software environments}
}

@book{sommerville2007software,
    title = {{Software engineering}},
    year = {2007},
    author = {Sommerville, Ian and {others}},
    publisher = {Addison-wesley}
}

@inproceedings{chatterjee2008software,
    title = {{Software Engineering Practice in Computer Science Courses}},
    year = {2008},
    booktitle = {19th Australian Conference on Software Engineering (aswec 2008)},
    author = {Chatterjee, S},
    pages = {611--616},
    doi = {10.1109/ASWEC.2008.4483252},
    issn = {1530-0803},
    keywords = {Computer graphics, Computer science, Digital images, Education, Image coding, Life testing, Methods, Operating systems, Programming profession, Project, Software Engineering, Software engineering, Software testing, compiler, computer graphics, computer science courses, computer science education, digital image processing, operating systems, software engineering}
}

@article{Huo2004,
    title = {{Software quality and agile methods}},
    year = {2004},
    journal = {Computer Software and Applications Conference, 2004. COMPSAC 2004. Proceedings of the 28th Annual International},
    author = {Huo, Ming and Verner, J and Zhu, Liming and Babar, M a},
    pages = {520--525},
    isbn = {0-7695-2209-2},
    doi = {10.1109/CMPSAC.2004.1342889},
    issn = {0730-3157},
    keywords = {Application software, Australia, Collaboration, Computer applications, Continuous improvement, Programming, Quality assurance, Software engineering, Software quality, agile methods, agile software quality assurance, software quality support processes, unstable requirements environment, waterfall model}
}

@article{Khalane2013,
    title = {{Software quality assurance in Scrum: The need for concrete guidance on SQA strategies in meeting user expectations}},
    year = {2013},
    journal = {IEEE International Conference on Adaptive Science and Technology, ICAST},
    author = {Khalane, Tiisetso and Tanner, Maureen},
    isbn = {9781479930678},
    doi = {10.1109/ICASTech.2013.6707499},
    issn = {23269448},
    keywords = {Agile Software Development, Concrete Guidance, Process Structure, Quality Assurance, Scrum, User Expectations}
}

@article{Hashmi2007,
    title = {{Software Quality Assurance in XP and Spiral-A Comparative Study}},
    year = {2007},
    journal = {International Conference on Computational Science and its Applications, 2007. ICCSA 2007.},
    author = {Hashmi, S I and Baik, J},
    pages = {367--374},
    isbn = {0769529453},
    doi = {10.1109/ICCSA.2007.65}
}

@article{Runeson1998,
    title = {{Software quality assurance-concepts and misconceptions}},
    year = {1998},
    journal = {Proceedings. 24th EUROMICRO Conference (Cat. No.98EX204)},
    author = {Runeson, P. and Isacsson, P.},
    pages = {853--859},
    volume = {2},
    url = {http://ieeexplore.ieee.org/lpdocs/epic03/wrapper.htm?arnumber=708112},
    isbn = {0-8186-8646-4},
    doi = {10.1109/EURMIC.1998.708112},
    issn = {1089-6503},
    keywords = {CMM, Consumer electronics, Coordinate measuring machines, Monitoring, Quality assurance, Quality management, SQA concept, SQA key process area, Safety devices, Software engineering, Software quality, Software safety, Testing, capability maturity model, general quality management concept, process improvement, quality management, software companies, software processes, software products, software quality, software quality assurance, software quality engineering, software reliability, software standards}
}

@book{galin2004software,
    title = {{Software quality assurance: from theory to implementation}},
    year = {2004},
    booktitle = {Software Engineering, IEEE {\ldots}},
    author = {Galin, Daniel},
    pages = {616},
    publisher = {Pearson Education India},
    url = {http://books.google.com/books?hl=en&lr=&id=p5jDETUc2K8C&oi=fnd&pg=PR17&dq=Software+Quality+Assurance:+From+Theory+to+Implementation&ots=OJJtBcHL2B&sig=fnD_Z9APND4DEQs3Uak19mKk7R0},
    isbn = {0201709457}
}

@article{Goodenough1980,
    title = {{Software quality assurance: Testing and validation}},
    year = {1980},
    journal = {Proceedings of the IEEE},
    author = {Goodenough, J.B.},
    number = {9},
    pages = {1093--1098},
    volume = {68},
    doi = {10.1109/PROC.1980.11808},
    issn = {15582256}
}

@article{Dutil2010,
    title = {{Software Quality Engineering in the new ISO standard : ISO / IEC 24748 - Systems and software engineering — Guide for life cycle management}},
    year = {2010},
    journal = {Management},
    author = {Dutil, Daniel and Rose, José and Suryn, Witold},
    pages = {89--96},
    isbn = {9781605589015},
    doi = {10.1145/1822327.1822339}
}

@article{Kitchenham1996,
    title = {{Software quality: the elusive target}},
    year = {1996},
    journal = {IEEE Software},
    author = {Kitchenham, Barbara and Pfleeger, Shari Lawrence},
    number = {1},
    pages = {12--21},
    volume = {13},
    isbn = {0740-7459},
    doi = {10.1109/52.476281},
    issn = {07407459},
    pmid = {3610802}
}

@article{Nuraini2014,
    title = {{Software with service oriented architecture quality assessment}},
    year = {2014},
    journal = {Proceedings of 2014 International Conference on Data and Software Engineering, ICODSE 2014},
    author = {Nuraini, A and Widyani, Y},
    url = {http://www.scopus.com/inward/record.url?eid=2-s2.0-84927585861&partnerID=40&md5=575a8d0b9bc415cc17455690fda28149},
    isbn = {9781479979967},
    doi = {10.1109/ICODSE.2014.7062707},
    keywords = {SOA, quality factor, quality metrics, software quality assessment}
}

@article{Tsai2014,
    title = {{Software-as-a-service (SaaS): Perspectives and challenges}},
    year = {2014},
    journal = {Science China Information Sciences},
    author = {Tsai, Wei Tek and Bai, Xiao Ying and Huang, Yu},
    number = {5},
    pages = {1--15},
    volume = {57},
    isbn = {1674-733X},
    doi = {10.1007/s11432-013-5050-z},
    issn = {1674733X},
    keywords = {SaaS architecture, customization, multi-tenancy architecture, redundancy and recovery, scalability, software-as-a-service}
}

@article{arsanjani2008soma,
    title = {{SOMA: A method for developing service-oriented solutions}},
    year = {2008},
    journal = {IBM Systems Journal},
    author = {Arsanjani, A and Ghosh, S and Allam, A and Abdollah, T and Ganapathy, S and Holley, K},
    number = {3},
    pages = {377--396},
    volume = {47},
    url = {http://www.cs.jyu.fi/el/tjtse54_09/Artikkelit/ArsanjaniEtAlIBMSsJ.pdf},
    doi = {10.1147/sj.473.0377},
    issn = {0018-8670}
}

@article{Tsai2005,
    title = {{Specification-based verification and validation of web services and service-oriented operating systems}},
    year = {2005},
    journal = {Proceedings - International Workshop on Object-Oriented Real-Time Dependable Systems, WORDS},
    author = {Tsai, Wei Tek and Chen, Yinong and Paul, Ray},
    pages = {139--147},
    isbn = {0769523471},
    doi = {10.1109/WORDS.2005.51},
    issn = {15301443},
    keywords = {Collaborative testing, Group testing, Service composition, Verification, Web services}
}

@inproceedings{Verner201025,
    title = {{Stakeholder dissonance: Disagreements on project outcome and its impact on team motivation across three countries}},
    year = {2010},
    booktitle = {SIGMIS CPR'10 - Proceedings of the 2010 ACM SIGMIS Computer Personnel Research Conference},
    author = {Verner, J and Beecham, S and Cerpa, N},
    pages = {25--33},
    url = {https://www.scopus.com/inward/record.uri?eid=2-s2.0-77954607528&doi=10.1145%2F1796900.1796918&partnerID=40&md5=74532770aef6a2947660fd2e8fc0fcba},
    address = {Vancouver, BC},
    doi = {10.1145/1796900.1796918},
    keywords = {Australia, Level management, Motivation, Pro, Project failures, Project management, Project management; Safety engineering; Software, Safety engineering, Software}
}

@article{Babar2015,
    title = {{StakeMeter: Value-based stakeholder identification and quantification framework for value-based software systems}},
    year = {2015},
    journal = {PLoS ONE},
    author = {Babar, M I and Ghazali, M and Jawawi, D N A and Zaheer, K B},
    number = {3},
    volume = {10},
    url = {https://www.scopus.com/inward/record.uri?eid=2-s2.0-84925869159&doi=10.1371%2Fjournal.pone.0121344&partnerID=40&md5=045c0f62e8b934c0ef92b6e4c87c279c},
    doi = {10.1371/journal.pone.0121344},
    keywords = {Article, Article; case study; computer program; controlled, Biomedical Research, Biomedical Research; Engineering; Software, Engineering, Software, case study, computer program, controlled}
}

@inproceedings{4668107,
    title = {{Standardization and Agile Business Processes}},
    year = {2008},
    booktitle = {2008 The Third International Conference on Software Engineering Advances},
    author = {Kr{\'{a}}l, J and emlicka, M},
    pages = {184--191},
    doi = {10.1109/ICSEA.2008.40},
    keywords = {XML;business data processing;competitive intellige}
}

@article{Masood2015,
    title = {{Static analysis for web service security - Tools {\&}amp;amp; techniques for a secure development life cycle}},
    year = {2015},
    journal = {2015 IEEE International Symposium on Technologies for Homeland Security (HST)},
    author = {Masood, Adnan and Java, Jim},
    pages = {1--6},
    url = {http://ieeexplore.ieee.org/document/7225337/},
    isbn = {978-1-4799-1737-2},
    doi = {10.1109/THS.2015.7225337}
}

@article{Cohan2007,
    title = {{Successful integration of agile development techniques within DISA}},
    year = {2007},
    journal = {Agile Conference (AGILE)},
    author = {Cohan, Sean},
    pages = {255--261},
    isbn = {0-7695-2872-4},
    doi = {10.1109/AGILE.2007.54}
}

@inproceedings{Republic2013,
    title = {{Support of Service Systems by Advanced SOA}},
    year = {2013},
    author = {Kr{\~{A}}¡l, JarJaroslav KrálMichal Žemlička},
    number = {1993},
    pages = {2049--2058},
    url = {http://link.springer.com/chapter/10.1007/978-3-642-35879-1_9},
    doi = {10.1007/978-3-642-35879-1{\_}9},
    keywords = {Business Process, Business Process Manager, Cloud System, Composite Service, Service System}
}

@inproceedings{ning2015survey,
    title = {{Survey of Application and Research on Government Cloud Computing In China}},
    year = {2015},
    booktitle = {2015 IEEE/WIC/ACM International Conference on Web Intelligence and Intelligent Agent Technology (WI-IAT)},
    author = {Ning, W and Xiaoshan, X and Hui, L and Xuehua, W and Xuezhi, Q},
    pages = {140--143},
    volume = {3},
    doi = {10.1109/WI-IAT.2015.194},
    keywords = {China, Cloud architecture, Cloud computing, Cloud solutions, Computer architecture, Electronic government, Google, Government cloud, Migration mode, Reliability, cloud architecture, cloud computing, e-government, government cloud computing, government data processing, software architecture}
}

@inproceedings{Lim2008649,
    title = {{Synthesis of actor dependency and business motivation for service requirements engineering}},
    year = {2008},
    booktitle = {Proceedings - International Computer Software and Applications Conference},
    author = {Lim, S L and Platon, E and Cox, K},
    pages = {649--652},
    url = {https://www.scopus.com/inward/record.uri?eid=2-s2.0-51949112510&doi=10.1109%2FCOMPSAC.2008.59&partnerID=40&md5=78fde56d684299c2a3bad1e375506a1a},
    address = {Turku},
    doi = {10.1109/COMPSAC.2008.59},
    keywords = {Alignment, Business needs, Business needs; Case studies; Customer relation s, Case studies, Computer applications, Computer software, Computers, Customer relation s, Informati}
}

@article{Garcia2016,
    title = {{Systematic Development of Intelligent Systems for Public Road Transport}},
    year = {2016},
    journal = {Sensors},
    author = {Garc{\'{i}}a, Carmelo R and Quesada-Arencibia, Alexis and Crist{\'{o}}bal, Teresa and Padr{\'{o}}n, Gabino and Alay{\'{o}}n, Francisco},
    number = {7},
    pages = {1104},
    volume = {16},
    url = {http://www.mdpi.com/1424-8220/16/7/1104},
    doi = {10.3390/s16071104},
    issn = {1424-8220},
    keywords = {intelligent transport systems, public transport management, service-oriented architectures, ubiquitous computing}
}

@article{VallonSLRAgile2018,
    title = {{Systematic literature review on agile practices in global software development}},
    year = {2018},
    journal = {Information and Software Technology},
    author = {Vallon, Raoul and da Silva Est{\'{a}}cio, Bernardo José and Prikladnicki, Rafael and Grechenig, Thomas},
    pages = {161--180},
    volume = {96},
    url = {http://www.sciencedirect.com/science/article/pii/S0950584917302975},
    doi = {https://doi.org/10.1016/j.infsof.2017.12.004},
    issn = {0950-5849},
    keywords = {Agile practices, Agile software development, Distributed software development, Extreme programming, Global software development, Global software engineering, Scrum, Systematic literature review, XP}
}

@article{Hoda2017,
    title = {{Systematic literature reviews in agile software development : A tertiary study}},
    year = {2017},
    journal = {Information and Software Technology},
    author = {Hoda, Rashina and Salleh, Norsaremah and Grundy, John and Mien, Hui},
    pages = {60--70},
    volume = {85},
    publisher = {Elsevier B.V.},
    url = {http://dx.doi.org/10.1016/j.infsof.2017.01.007},
    doi = {10.1016/j.infsof.2017.01.007},
    issn = {0950-5849},
    keywords = {Agile software development,Tertiary study,Systemat, agile software development}
}

@article{Kitchenham2009,
    title = {{Systematic literature reviews in software engineering – A systematic literature review}},
    year = {2009},
    journal = {Information and Software Technology},
    author = {Kitchenham, Barbara and Brereton, O Pearl and Budgen, David and Turner, Mark and Bailey, John and Linkman, Stephen},
    number = {1},
    pages = {7--15},
    volume = {51},
    publisher = {Elsevier B.V.},
    url = {http://dx.doi.org/10.1016/j.infsof.2008.09.009},
    doi = {10.1016/j.infsof.2008.09.009},
    issn = {0950-5849},
    keywords = {evidence-based software engineering, systematic literature review}
}

@article{Petersen2008,
    title = {{Systematic Mapping Studies in Software Engineering}},
    year = {2008},
    journal = {12Th International Conference on Evaluation and Assessment in Software Engineering},
    author = {Petersen, Kai and Feldt, Robert and Mujtaba, Shahid and Mattsson, Michael},
    pages = {10},
    volume = {17},
    url = {http://www.cse.chalmers.se/~feldt/publications/petersen_ease08_sysmap_studies_in_se.pdf},
    isbn = {0-7695-2555-5},
    doi = {10.1142/S0218194007003112},
    issn = {02181940},
    keywords = {Evidence Based Software Engineering, Systematic Mapping Studies, Systematic Reviews}
}

@inproceedings{6271368,
    title = {{Table of contents}},
    year = {2012},
    booktitle = {2012 International Conference on Computer and Communication Engineering (ICCCE)},
    pages = {i-viii},
    doi = {10.1109/ICCCE.2012.6271368},
    keywords = {3G mobile communication;4G mobile communication;VL}
}

@inproceedings{Kolpondinos20179,
    title = {{Tailoring gamification to requirements elicitation: A stakeholder-centric motivation concept}},
    year = {2017},
    booktitle = {Proceedings - 2017 IEEE/ACM 10th International Workshop on Cooperative and Human Aspects of Software Engineering, CHASE 2017},
    author = {Kolpondinos, M Z H and Glinz, M},
    pages = {9--15},
    url = {https://www.scopus.com/inward/record.uri?eid=2-s2.0-85025815911&doi=10.1109%2FCHASE.2017.4&partnerID=40&md5=7f6ca41dd8359bc63d8d8458779dcb00},
    doi = {10.1109/CHASE.2017.4},
    keywords = {Education, Experiential learning, Experiential learning; Gamification; Player types, Gamification, Motivation, Player types, Requirements engineering, Software engineering}
}

@article{Acikgoz20141145,
    title = {{Team Climate, Team Cognition, Team Intuition, and Software Quality: The Moderating Role of Project Complexity}},
    year = {2014},
    journal = {Group Decision and Negotiation},
    author = {A{\c{c}}ikg{\"{o}}z, A and G{\"{u}}nsel, A and Bayyurt, N and Kuzey, C},
    number = {5},
    pages = {1145--1176},
    volume = {23},
    url = {https://www.scopus.com/inward/record.uri?eid=2-s2.0-84905235078&doi=10.1007%2Fs10726-013-9367-1&partnerID=40&md5=9a297f5cf7d213267604e11f643bea8f},
    doi = {10.1007/s10726-013-9367-1}
}

@article{Janus2012,
    title = {{The 3C approach for Agile Quality Assurance}},
    year = {2012},
    journal = {2012 3rd International Workshop on Emerging Trends in Software Metrics, WETSoM 2012 - Proceedings},
    author = {Janus, André and Dumke, Reiner and Schmietendorf, Andreas and J{\"{a}}ger, Jens},
    pages = {9--13},
    isbn = {9781467317627},
    doi = {10.1109/WETSoM.2012.6226998},
    issn = {9781467317634},
    keywords = {Agile, Continuous Integration, Empirical Case Study, Quality Assurance, Software Metrics}
}

@article{Martin2015,
    title = {{The ABCs of A/B testing}},
    year = {2015},
    author = {Martin, Erik J}
}

@article{Pokahr2013,
    title = {{The active components approach for distributed systems development}},
    year = {2013},
    journal = {International Journal of Parallel, Emergent and Distributed Systems},
    author = {Pokahr, Alexander and Braubach, Lars},
    number = {4},
    pages = {321--369},
    volume = {28},
    isbn = {1744-5760{\textbackslash}r1744-5779},
    doi = {10.1080/17445760.2013.785546},
    issn = {17445760},
    keywords = {component-based development, distributed systems, service-oriented architecture, software agents}
}

@article{pokahr2013active,
    title = {{The active components approach for distributed systems development}},
    year = {2013},
    journal = {International Journal of Parallel, Emergent and Distributed Systems},
    author = {Pokahr, Alexander and Braubach, Lars},
    number = {4},
    pages = {321--369},
    volume = {28},
    publisher = {Taylor {\&} Francis}
}

@inproceedings{5589998,
    title = {{The architecture of intelligent distribution network based on MAS-SOA}},
    year = {2010},
    booktitle = {IEEE PES General Meeting},
    author = {Zhou, H J and Cao, J Z and Guo, C X and Qin, J},
    pages = {1--6},
    doi = {10.1109/PES.2010.5589998},
    issn = {1932-5517},
    keywords = {Web services;distribution networks;multi-agent sys}
}

@article{bonturi2002brazilian,
    title = {{The Brazilian Pension System}},
    year = {2002},
    author = {Bonturi, Marcos},
    publisher = {OECD Publishing}
}

@inproceedings{5369637,
    title = {{The Coordination and Integration of Agile Supply Chain Based on Service-oriented Technology}},
    year = {2009},
    booktitle = {2009 Third International Symposium on Intelligent Information Technology Application},
    author = {Qu, L and Chen, Y and Yang, M},
    month = {11},
    pages = {351--354},
    volume = {1},
    doi = {10.1109/IITA.2009.94},
    keywords = {Web services;ontologies (artificial intelligence);}
}

@inproceedings{7292574,
    title = {{The impact of agile approaches on software quality attributes an empirical study}},
    year = {2014},
    booktitle = {2014 9th International Conference on Software Paradigm Trends (ICSOFT-PT)},
    author = {Shawky, D M and Abd-El-Hafiz, S K},
    pages = {49--57},
    keywords = {Complexity theory;Logistics;Predictive models;Soft}
}

@article{csikszentmihalyi1993measurement,
    title = {{The measurement of flow in everyday life: toward a theory of emergent motivation.}},
    year = {1993},
    author = {Csikszentmihalyi, Mihaly and Rathunde, Kevin},
    publisher = {University of Nebraska Press}
}

@article{Bhadoria2017,
    title = {{The Performance Metric for Enterprise Service Bus (ESB) in SOA system: Theoretical underpinnings and empirical illustrations for information processing}},
    year = {2017},
    journal = {Information Systems},
    author = {Bhadoria, Robin Singh and Chaudhari, Narendra S. and Tomar, Geetam Singh},
    number = {December 2016},
    pages = {158--171},
    volume = {65},
    publisher = {Elsevier},
    url = {http://dx.doi.org/10.1016/j.is.2016.12.005},
    doi = {10.1016/j.is.2016.12.005},
    issn = {03064379},
    keywords = {Enterprise Integration Pattern, Enterprise Service Bus, Message Routing, Service patterns, Service stack, Service-Oriented Architecture (SOA) System}
}

@article{mahmood2007promise,
    title = {{The promise and limitations of service oriented architecture}},
    year = {2007},
    journal = {International journal of Computers},
    author = {Mahmood, Zaigham},
    number = {3},
    pages = {74--78},
    volume = {1},
    publisher = {Citeseer},
    keywords = {Enterprise application integration, SOA, Service oriented architecture, WEB Services.}
}

@inproceedings{Thatcher:2002:RWI:512360.512365,
    title = {{The Role of the Work Itself: An Empirical Examination of Intrinsic Motivation's Influence on IT Workers Attitudes and Intentions}},
    year = {2002},
    booktitle = {Proceedings of the 2002 ACM SIGCPR Conference on Computer Personnel Research},
    author = {Thatcher, Jason Bennett and Liu, Yongmei and Stepina, Lee P},
    pages = {25--33},
    series = {SIGCPR '02},
    publisher = {ACM},
    url = {http://doi.acm.org/10.1145/512360.512365},
    address = {New York, NY, USA},
    isbn = {1-58113-466-5},
    doi = {10.1145/512360.512365},
    keywords = {affective commitment, intrinsic motivation, job design, job satisfaction}
}

@inproceedings{Arsanjani2006a2006,
    title = {{The Service Integration Maturity Model: Achieving Flexibility in the Transformation to SOA}},
    year = {2006},
    booktitle = {2006 IEEE International Conference on Services Computing (SCC'06)},
    author = {Arsanjani, A and Holley, K},
    pages = {515},
    url = {https://ieeexplore-ieee-org.ez54.periodicos.capes.gov.br/document/4026979/},
    doi = {10.1109/SCC.2006.104},
    keywords = {Business communication, Collaboration, Communication effectiveness, Companies, Corporate acquisitions, Councils, History, IT flexibility, Internet, SIMM, SOA, Semiconductor optical amplifiers, Service oriented architecture, business data processing, service integration maturity model, service oriented architecture},
    language = {english}
}

@article{Arsanjani2006,
    title = {{The service integration maturity model: Achieving flexibility in the transformation to SOA}},
    year = {2006},
    journal = {Proceedings - 2006 IEEE International Conference on Services Computing, SCC 2006},
    author = {Arsanjani, Ali and Holley, Kerrie},
    pages = {515},
    isbn = {0769526705},
    doi = {10.1109/SCC.2006.104}
}

@inproceedings{4399752,
    title = {{The Service Responsibility and Interaction Design Method: Using an Agile Approach for Web Service Design}},
    year = {2007},
    booktitle = {Web Services, 2007. ECOWS '07. Fifth European Conference on},
    author = {Millard, D E and Davis, H C and Howard, Y and Gilbert, L and Walters, R J and Abbas, N and Wills, G B},
    month = {11},
    pages = {235--244},
    doi = {10.1109/ECOWS.2007.25},
    keywords = {Collaboration;Computer science;Design engineering;}
}

@article{arsanjani2009soa,
    title = {{The soa manifesto}},
    year = {2009},
    journal = {SOA Manifesto, October},
    author = {Arsanjani, Ali and Booch, G and Boubez, T and Brown, P and Chappell, D and DeVadoss, J and Erl, T and Josuttis, N and Krafzig, D and Little, M and {others}},
    pages = {35},
    url = {http://serviceorientation.com/soamanifesto/original}
}

@article{Hohpe2016,
    title = {{The Software Architect ’ s Role in the Digital Age}},
    year = {2016},
    journal = {IEEE Software},
    author = {Hohpe, Gregor and Ozkaya, Ipek and Zdun, Uwe and Zimmermann, Olaf},
    number = {6},
    pages = {30 - 39},
    volume = {33},
    doi = {doi.ieeecomputersociety.org/10.1109/MS.2016.137},
    issn = {0740-7459}
}

@article{Hohpe2016b,
    title = {{The Software Architect ’ s Role in the Digital Age}},
    year = {2016},
    journal = {IEEE Software},
    author = {Hohpe, Gregor and Ozkaya, Ipek and Zdun, Uwe and Zimmermann, Olaf},
    number = {6},
    pages = {30 - 39},
    volume = {33},
    doi = {doi.ieeecomputersociety.org/10.1109/MS.2016.137},
    issn = {0740-7459}
}

@article{Saunders2006,
    title = {{The software quality challenges of service oriented architectures in e-commerce}},
    year = {2006},
    journal = {Software Quality Journal},
    author = {Saunders, Shelly and Ross, Margaret and Staples, Geoff and Wellington, Sean},
    number = {1},
    pages = {65--75},
    volume = {14},
    isbn = {1121900660022},
    doi = {10.1007/s11219-006-6002-2},
    issn = {15731367}
}

@article{Reyes-Delgado2016,
    title = {{The strengths and weaknesses of software architecture design in the RUP, MSF, MBASE and RUP-SOA methodologies: A conceptual review}},
    year = {2016},
    journal = {Computer Standards and Interfaces},
    author = {Reyes-Delgado, Paola Y. and Mora, Manuel and Duran-Limon, Hector A. and Rodr{\'{i}}guez-Mart{\'{i}}nez, Laura C. and O'Connor, Rory V. and Mendoza-Gonzalez, Ricardo},
    pages = {24--41},
    volume = {47},
    publisher = {Elsevier B.V.},
    url = {http://dx.doi.org/10.1016/j.csi.2016.02.005},
    doi = {10.1016/j.csi.2016.02.005},
    issn = {09205489},
    keywords = {General model of Software Architecture design, Software Architecture design, Software aArchitecture design in SDMs (RUP, MSF, M}
}

@article{Demchak2007,
    title = {{The treasure map for Rich Services}},
    year = {2007},
    journal = {2007 IEEE International Conference on Information Reuse and Integration, IEEE IRI-2007},
    author = {Demchak, Barry and Farcas, Claudiu and Farcas, Emilia and Kr{\"{u}}ger, Ingolf H.},
    pages = {400--405},
    isbn = {1424414997},
    doi = {10.1109/IRI.2007.4296653},
    language = {english}
}

@article{Hristoskova2013,
    title = {{The WTE+ framework: Automated construction and runtime adaptation of service mashups}},
    year = {2013},
    journal = {Automated Software Engineering},
    author = {Hristoskova, Anna and Volckaert, Bruno and De Turck, Filip},
    number = {4},
    pages = {499--542},
    volume = {20},
    isbn = {0928-8910},
    doi = {10.1007/s10515-012-0105-8},
    issn = {09288910},
    keywords = {HTN planning, Quality of Service (QoS), Runtime adaptation, Semantic reasoning, Service mashups}
}

@article{Chen2015,
    title = {{Toward Better Quality of Service Composition Based on a Global Social Service Network}},
    year = {2015},
    journal = {Parallel and Distributed Systems, IEEE Transactions on},
    author = {Chen, Wuhui and Paik, Incheon},
    number = {5},
    pages = {1466--1476},
    volume = {26},
    doi = {10.1109/TPDS.2014.2320748},
    issn = {1045-9219},
    keywords = {Web services;cloud computing;innovation management}
}

@article{Perez2015,
    title = {{Towards a DevOps approach for software quality engineering}},
    year = {2015},
    journal = {WOSP-C 2015 - Proceedings of the 2015 ACM/SPEC Workshop on Challenges in Performance Methods for Software Development, in Conjunction with ICPE 2015},
    author = {P{\'{e}}rez, Juan F and Wang, Weikun and Casale, Giuliano},
    pages = {5--10},
    url = {http://www.scopus.com/inward/record.url?eid=2-s2.0-84929084415&partnerID=40&md5=5bc373b9972467f624904464b71d440c},
    isbn = {9781450333405},
    doi = {10.1145/2693561.2693564},
    keywords = {design-time application models, itoring, mon-, quality of service, software performance engineering}
}

@inproceedings{4578508,
    title = {{Towards a Service Management System in Virtualized Infrastructures}},
    year = {2008},
    booktitle = {2008 IEEE International Conference on Services Computing},
    author = {Belter, R},
    pages = {47--51},
    volume = {2},
    doi = {10.1109/SCC.2008.95},
    keywords = {Web services;software architecture;agile enterpris}
}

@article{ivanyukovich1towards,
    title = {{TOWARDS A SERVICE-ORIENTED DEVELOPMENT METHODOLOGY}},
    year = {2003},
    journal = {To appear in Transactions of the SDPS pp},
    author = {Ivanyukovich, Alexander and Gangadharan, G R and D'Andrea, Vincenzo and Marchese, Maurizio},
    pages = {10},
    volume = {1}
}

@article{Wang2014,
    title = {{Towards an accurate evaluation of quality of cloud service in service-oriented cloud computing}},
    year = {2014},
    journal = {Journal of Intelligent Manufacturing},
    author = {Wang, Shangguang and Liu, Zhipiao and Sun, Qibo and Zou, Hua and Yang, Fangchun},
    number = {2},
    pages = {283--291},
    volume = {25},
    isbn = {09565515},
    doi = {10.1007/s10845-012-0661-6},
    issn = {15728145},
    keywords = {Cloud model, Cloud service, Fuzzy logic control, Fuzzy synthetic decision, QoCS, Service-oriented cloud computing}
}

@inproceedings{1530869,
    title = {{Towards intelligent services: a case study in chemical emergency response}},
    year = {2005},
    booktitle = {IEEE International Conference on Web Services (ICWS'05)},
    author = {Bansal, A and Patel, K and Gupta, Gopal and Raghavachari, B and Harris, E D and Staves, J C},
    pages = {758},
    doi = {10.1109/ICWS.2005.122},
    keywords = {chemical hazards;chemical industry;emergency servi}
}

@article{idoughi2010towards,
    title = {{Towards new web services based supervisory systems in complex industrial organizations: Basic principles and case study}},
    year = {2010},
    journal = {Computers in Industry},
    author = {Idoughi, Djilali and Kerkar, Moussa and Kolski, Christophe},
    number = {3},
    pages = {235--249},
    volume = {61},
    publisher = {Elsevier}
}

@incollection{nayrolles2015towards,
    title = {{Towards Quality-Driven SOA Systems Refactoring Through Planning}},
    year = {2015},
    booktitle = {International Conference on E-Technologies},
    author = {Nayrolles, Mathieu and Beaudry, Eric and Moha, Naouel and Valtchev, Petko and Hamou-Lhadj, Abdelwahab},
    pages = {269--284},
    publisher = {Springer},
    isbn = {9783319179568}
}

@article{Zimmermann2013,
    title = {{Towards service-oriented enterprise architectures for big data applications in the cloud}},
    year = {2013},
    journal = {Proceedings - IEEE International Enterprise Distributed Object Computing Workshop, EDOC},
    author = {Zimmermann, Alfred and Pretz, Michael and Zimmermann, Gertrud and Firesmith, Donald G. and Petrov, Ilia and El-Sheikh, Eman},
    pages = {130--135},
    isbn = {978-1-4799-3048-7},
    doi = {10.1109/EDOCW.2013.21},
    issn = {15417719},
    keywords = {Big data applications, Big data management, Cloud computing, Cloud services architecture, Enterprise systems architecture, Service-oriented enterprise architectures}
}

@article{Becker2008,
    title = {{Towards supporting evolution of service-oriented architectures through quality idlpact prediction}},
    year = {2008},
    journal = {Aramis 2008 - 1st International Workshop on Automated engineeRing of Autonomous and runtiMe evolvIng Systems, and ASE2008 the 23rd IEEE/ACM Int. Conf. Automated Software Engineering},
    author = {Becker, Steffen and Trifu, Mircea and Reussner, Ralf},
    pages = {77--81},
    isbn = {9781424427765},
    doi = {10.1109/ASEW.2008.4686297},
    issn = {2151-0830}
}

@article{Itkonen2005,
    title = {{Towards understanding quality assurance in agile software development}},
    year = {2005},
    journal = {Icam 2005},
    author = {Itkonen, Juha and Rautiainen, Kristian and Lassenius, Casper},
    url = {http://citeseerx.ist.psu.edu/viewdoc/summary?doi=10.1.1.167.5055},
    doi = {10.1.1.167.5055},
    keywords = {agile software development, quality assurance, software testing, time horizon, time pacing}
}

@article{Merson2013,
    title = {{Ultimate architecture enforcement custom checks enforced at code-commit time}},
    year = {2013},
    journal = {SPLASH 2013 - Proceedings of the 2013 Companion Publication for Conference on Systems, Programming, and Applications: Software for Humanity},
    author = {Merson, Paulo},
    pages = {153--159},
    url = {http://dx.doi.org/10.1145/2508075.2508433},
    isbn = {978-1-4503-1995-9},
    doi = {10.1145/2508075.2508433},
    keywords = {Application programs;Computer systems programming;}
}

@article{Merson2013b,
    title = {{Ultimate architecture enforcement custom checks enforced at code-commit time}},
    year = {2013},
    journal = {SPLASH 2013 - Proceedings of the 2013 Companion Publication for Conference on Systems, Programming, and Applications: Software for Humanity},
    author = {Merson, Paulo},
    pages = {153--159},
    url = {http://dx.doi.org/10.1145/2508075.2508433},
    isbn = {978-1-4503-1995-9},
    doi = {10.1145/2508075.2508433},
    keywords = {Application programs;Computer systems programming;}
}

@article{Dubois2013,
    title = {{Understanding gamification mechanisms for software development}},
    year = {2013},
    journal = {Proceedings of the 2013 9th Joint Meeting on Foundations of Software Engineering - ESEC/FSE 2013},
    author = {Dubois, Daniel J. and Tamburrelli, Giordano},
    number = {August 2013},
    pages = {659},
    url = {http://dl.acm.org/citation.cfm?doid=2491411.2494589},
    isbn = {9781450322379},
    doi = {10.1145/2491411.2494589}
}

@article{Editors2011,
    title = {{Understanding Innovation}},
    year = {2011},
    journal = {Hasso Plattner Institut},
    author = {Editors, Series and Meinel, Christoph and Leifer, Larry},
    pages = {1525--1535},
    url = {https://www.hpi.uni-potsdam.de/fileadmin/hpi/FG_ITS/papers/Book_Chapters/Front_Matter_-_Design_Thinking_Understand__Improve__Apply.pdf},
    isbn = {978-3-642-13756-3},
    doi = {10.1007/978-3-642-13757-0},
    issn = {1871-5125},
    pmid = {22469268},
    arxivId = {arXiv:1011.1669v3}
}

@article{Wimble2016a,
    title = {{UNDERSTANDING LEAST ABSOLUTE VALUE IN REGRESSION-BASED DATA MINING}},
    year = {2016},
    journal = {International Journal of Data Mining {\&} Knowledge Management Process (IJDKP)},
    author = {Wimble, Matt and Yoder, Michele and Ro, Young K},
    number = {3},
    volume = {6},
    doi = {10.5121/ijdkp.2016.6301},
    keywords = {L1-Norm estimation, data mining, least absolute value, robust regression, variable selection}
}

@article{Ciencia2014,
    title = {{Universidade de Bras{\'{i}}lia UnB-CIC : Uma classe em LaTeX para textos do Universidade de Bras{\'{i}}lia UnB-CIC : Uma classe em LaTeX para textos do Departamento de Ci{\^{e}}ncia da Computa{\c{c}}{\~{a}}o}},
    year = {2014},
    author = {Ci{\^{e}}ncia, Departamento De}
}

@inproceedings{5552752,
    title = {{Use Cases to Process Specifications in Business Process Modeling Notation}},
    year = {2010},
    booktitle = {2010 IEEE International Conference on Web Services},
    author = {Sinha, A and Paradkar, A},
    pages = {473--480},
    doi = {10.1109/ICWS.2010.105},
    keywords = {business process re-engineering;formal specificati}
}

@article{Otaduy2017,
    title = {{User acceptance testing for Agile-developed web-based applications: Empowering customers through wikis and mind maps}},
    year = {2017},
    journal = {Journal of Systems and Software},
    author = {Otaduy, I. and Diaz, O.},
    pages = {212--229},
    volume = {133},
    publisher = {Elsevier Inc.},
    url = {http://dx.doi.org/10.1016/j.jss.2017.01.002},
    isbn = {0164-1212},
    doi = {10.1016/j.jss.2017.01.002},
    issn = {01641212},
    keywords = {Agile development, Test automation, User acceptance testing}
}

@article{SELLERISILVA201520,
    title = {{Using CMMI together with agile software development: A systematic review}},
    year = {2015},
    journal = {Information and Software Technology},
    author = {Silva, Fernando Selleri and Soares, Felipe Santana Furtado and Peres, Angela Lima and de Azevedo, Ivanildo Monteiro and Vasconcelos, Ana Paula L F and Kamei, Fernando Kenji and de Lemos Meira, Silvio Romero},
    pages = {20--43},
    volume = {58},
    url = {http://www.sciencedirect.com/science/article/pii/S0950584914002110},
    doi = {https://doi.org/10.1016/j.infsof.2014.09.012},
    issn = {0950-5849},
    keywords = {Agile methodology, Benefits, CMMI, Limitations, Software process improvement, Systematic review}
}

@inproceedings{budgen2008using,
    title = {{Using Mapping Studies in Software Engineering.}},
    year = {2008},
    booktitle = {PPIG},
    author = {Budgen, David and Turner, Mark and Brereton, Pearl and Kitchenham, Barbara A},
    pages = {195--204},
    volume = {8}
}

@article{KUPIAINEN2015143,
    title = {{Using metrics in Agile and Lean Software Development – A systematic literature review of industrial studies}},
    year = {2015},
    journal = {Information and Software Technology},
    author = {Kupiainen, Eetu and M{\"{a}}ntyl{\"{a}}, Mika V and Itkonen, Juha},
    pages = {143--163},
    volume = {62},
    url = {http://www.sciencedirect.com/science/article/pii/S095058491500035X},
    doi = {https://doi.org/10.1016/j.infsof.2015.02.005},
    issn = {0950-5849},
    keywords = {Agile, Lean, Measurement, Metrics, Software engineering, Systematic literature review}
}

@article{5232801,
    title = {{Using the Agile Unified Process in Banking}},
    year = {2010},
    journal = {IEEE Software},
    author = {Christou, I and Ponis, S and Palaiologou, E},
    number = {3},
    pages = {72--79},
    volume = {27},
    doi = {10.1109/MS.2009.156},
    issn = {0740-7459},
    keywords = {banking;software architecture;software maintenance}
}

@inproceedings{5070968,
    title = {{WEAVE: WEb Applications Validation Environment}},
    year = {2009},
    booktitle = {2009 31st International Conference on Software Engineering - Companion Volume},
    author = {Rajan, S P and Tkachuk, O and Prasad, M and Ghosh, I and Goel, N and Uehara, Tadahiro},
    pages = {101--111},
    doi = {10.1109/ICSE-COMPANION.2009.5070968},
    keywords = {Web services;program verification;software quality}
}

@inproceedings{4278622,
    title = {{Web Services: Meeting the Software Challenge of Future Hardware and Global Business Trends}},
    year = {2007},
    booktitle = {IEEE International Conference on Services Computing (SCC 2007)},
    pages = {xxiii-xxiii},
    doi = {10.1109/SCC.2007.134},
    keywords = {Application software;Companies;Costs;Hardware;Info}
}

@article{Voelz2010,
    title = {{What is Different in Quality Management for SOA?}},
    year = {2010},
    journal = {2010 14th IEEE International Enterprise Distributed Object Computing Conference},
    author = {Voelz, Dirk and Goeb, Andreas},
    pages = {47--56},
    url = {http://ieeexplore.ieee.org/document/5630238/},
    isbn = {978-1-4244-7966-5},
    doi = {10.1109/EDOC.2010.27},
    issn = {15417719},
    keywords = {Case study, SOA, Software quality}
}

@article{Rifkin2001,
    title = {{What makes measuring software so hard?}},
    year = {2001},
    journal = {IEEE Software},
    author = {Rifkin, Stan},
    number = {3},
    pages = {41--45},
    volume = {18},
    doi = {10.1109/52.922724},
    issn = {07407459}
}

@article{Purvis20153,
    title = {{What's in it for me? Using expectancy theory and climate to explain stakeholder participation, its direction and intensity}},
    year = {2015},
    journal = {International Journal of Project Management},
    author = {Purvis, R L and Zagenczyk, T J and McCray, G E},
    number = {1},
    pages = {3--14},
    volume = {33},
    url = {https://www.scopus.com/inward/record.uri?eid=2-s2.0-84912151062&doi=10.1016%2Fj.ijproman.2014.03.003&partnerID=40&md5=4c36ec9c3d76142d979905c617d2d3df},
    doi = {10.1016/j.ijproman.2014.03.003},
    keywords = {Active supports, Algorithms, Expectancy theory, Motivation, Organizational climate, Project management, Project management system, Psychological climate, Software technology, Stakeholder participation, climate, local participation, perception, project management, stakeholder, theoretical study}
}

@inproceedings{7581269,
    title = {{Workload characterization for microservices}},
    year = {2016},
    booktitle = {2016 IEEE International Symposium on Workload Characterization (IISWC)},
    author = {Ueda, T and Nakaike, T and Ohara, M},
    pages = {1--10},
    doi = {10.1109/IISWC.2016.7581269},
    keywords = {Java;Web services;cloud computing;public domain so}
}

@inproceedings{7831319,
    title = {{[Front cover]}},
    year = {2016},
    booktitle = {2016 Third International Conference on Systems of Collaboration (SysCo)},
    month = {11},
    pages = {1},
    doi = {10.1109/SYSCO.2016.7831319},
    keywords = {Big Data;Internet of Things;Web services;business}
}

@article{Soley2011,
    title = {{{\{}S{\}}oftware {\{}Q{\}}uality?}},
    year = {2011},
    author = {Soley, Richard},
    pages = {7--9},
    volume = {75},
    url = {http://blog.omg.org/2011/10/software-quality.html},
    isbn = {9783319494203}
}

@article{9560-14210-1-SM,
    title = {{9560-14210-1-SM}}
}

@article{2015ATools,
    title = {{A guide to A/B testing tools}},
    year = {2015}
}

@article{Kitchenham2013AEngineering,
    title = {{A systematic review of systematic review process research in software engineering}},
    year = {2013},
    journal = {Information and Software Technology},
    author = {Kitchenham, Barbara and Brereton, Pearl},
    number = {12},
    pages = {2049--2075},
    volume = {55},
    publisher = {Elsevier B.V.},
    url = {http://dx.doi.org/10.1016/j.infsof.2013.07.010},
    doi = {10.1016/j.infsof.2013.07.010},
    issn = {0950-5849},
    keywords = {Mapping study, Systematic literature review, Systematic review, Systematic review methodology}
}

@article{2007AvancosAR,
    title = {{Avan{\c{c}}os e Perspectivas Minist{\'{e}}rio da Sa{\'{u}}de Secretaria de Vigil{\^{a}}ncia em Sa{\'{u}}de Coordena{\c{c}}{\~{a}}o Geral de Vigil{\^{a}}ncia Ambiental em Sa{\'{u}}de -CGVAM 87{\textordfeminine} Reuni{\~{a}}o Ordin{\'{a}}ria do CONAMA VIGIAR VIGIL{\^{A}}NCIA EM SA{\'{U}}DE AMBIENTAL RELACIONADA {\`{A}} QUALIDADE DO AR}},
    year = {2007}
}

@article{Brasilia-DFTrabalhador,
    title = {{Bras{\'{i}}lia-DF 2011 MINIST{\'{E}}RIO DA SA{\'{U}}DE Secretaria de Vigil{\^{a}}ncia em Sa{\'{u}}de Departamento de Vigil{\^{a}}ncia em Sa{\'{u}}de Ambiental e Sa{\'{u}}de do Trabalhador}}
}

@article{2014CloudExp:Framework,
    title = {{CloudExp: A comprehensive cloud computing experimental framework}},
    year = {2014},
    journal = {Simulation Modelling Practice and Theory},
    month = {12},
    pages = {180--192},
    volume = {49},
    publisher = {Elsevier},
    url = {http://www-sciencedirect-com.ez54.periodicos.capes.gov.br/science/article/pii/S1569190X14001464?via%3Dihub},
    doi = {10.1016/J.SIMPAT.2014.09.003},
    issn = {1569-190X}
}

@article{ExtensaoSaude,
    title = {{Extens{\~{a}}o do Guia PMBOK para projetos de Intelig{\^{e}}ncia em Sa{\'{u}}de}}
}

@misc{Modeloreferencia,
    title = {{modeloreferencia}}
}

@article{2016Multi-tierSystem,
    title = {{Multi-tier cloud infrastructure support for reliable global health awareness system}},
    year = {2016},
    journal = {Simulation Modelling Practice and Theory},
    month = {9},
    pages = {44--58},
    volume = {67},
    publisher = {Elsevier},
    url = {http://www-sciencedirect-com.ez54.periodicos.capes.gov.br/science/article/pii/S1569190X1630123X},
    doi = {10.1016/J.SIMPAT.2016.06.005},
    issn = {1569-190X}
}

@article{ProgramacaoPGASS,
    title = {{Programa{\c{c}}{\~{a}}o Geral das A{\c{c}}ões e Servi{\c{c}}os de Sa{\'{u}}de (PGASS)}}
}

@article{2014QualityAssurance,
    title = {{Quality and Software Assurance}},
    year = {2014},
    pages = {2014}
}

@article{SOFTWAREEDITION,
    title = {{SOFTWARE EXTENSION TO THE PMBOK {\textregistered} GUIDE FIFTH EDITION}},
    isbn = {1-62825-013-5}
}

@article{Manak1986SOFTWARE94303,
    title = {{SOFTWARE QUALITY ASSURANCE MANAGEMENT Chris G. Manak Ford Aerospace {\&} Communications Corporation 3939 Fabian Way, Palo Alto, CA 94303}},
    year = {1986},
    author = {Manak, Chris G},
    pages = {1--2}
}

@article{Kitchenham2010SystematicStudy,
    title = {{Systematic literature reviews in software engineering – A tertiary study}},
    year = {2010},
    journal = {Information and Software Technology},
    author = {Kitchenham, Barbara and Pretorius, Rialette and Budgen, David and Brereton, O Pearl and Turner, Mark and Niazi, Mahmood and Linkman, Stephen},
    number = {8},
    pages = {792--805},
    volume = {52},
    publisher = {Elsevier B.V.},
    url = {http://dx.doi.org/10.1016/j.infsof.2010.03.006},
    doi = {10.1016/j.infsof.2010.03.006},
    issn = {0950-5849},
    keywords = {systematic literature review}
}